@inproceedings{fitzgerald_developing_2013,
	title = {Developing Baxter},
	url = {http://ieeexplore.ieee.org/xpls/abs_all.jsp?arnumber=6556344},
	urldate = {2014-10-10},
	booktitle = {Technologies for {Practical} {Robot} {Applications} ({TePRA}), 2013 {IEEE} {International} {Conference} on},
	publisher = {IEEE},
	author = {Fitzgerald, C.},
	year = {2013},
	pages = {1--6},
	file = {06556344.pdf:/Users/benjamin/Library/Application Support/Zotero/Profiles/i8zmk51x.default/zotero/storage/3E8XHX9K/06556344.pdf:application/pdf;Snapshot:/Users/benjamin/Library/Application Support/Zotero/Profiles/i8zmk51x.default/zotero/storage/86G4GU4Q/cookiedetectresponse.html:text/html}
}

@inproceedings{langsfeld_incorporating_2014,
	address = {Chicago, IL},
	title = {Incorporating {Failure}-to-{Success} {Transitions} in {Imitation} {Learning} for a {Dynamic} {Pouring} {Task}},
	url = {http://lasa.epfl.ch/workshopIROS14/documents/IROS_CMWS_2014_Final.pdf},
	urldate = {2014-11-07},
	booktitle = {Workshop on {Compliant} {Manipulation}: {Challenges} and {Control}},
	author = {Langsfeld, Joshua D. and Kaipa, Krishnanand N. and Gentili, Rodolphe J. and Reggia, James A. and Gupta, Satyandra K.},
	month = sep,
	year = {2014},
	file = {IROS_CM_Workshop_2014.pdf:/Users/benjamin/Library/Application Support/Zotero/Profiles/i8zmk51x.default/zotero/storage/HJKR7FMV/IROS_CM_Workshop_2014.pdf:application/pdf}
}

@article{yang_robot_2015,
	title = {Robot {Learning} {Manipulation} {Action} {Plans} by “{Watching}” {Unconstrained} {Videos} from the {World} {Wide} {Web}},
	url = {http://www.umiacs.umd.edu/~yzyang/paper/YouCookMani_CameraReady.pdf},
	urldate = {2015-02-13},
	journal = {Under Review},
	author = {Yang, Yezhou and Li, Yi and Aloimonos, Yiannis},
	year = {2015},
	file = {[PDF] from umd.edu:/Users/benjamin/Library/Application Support/Zotero/Profiles/i8zmk51x.default/zotero/storage/C39W5ABC/Yang et al. - 2015 - Robot Learning Manipulation Action Plans by “Watch.pdf:application/pdf}
}