@article{hammer2015incremental,
  title={Incremental Computation with Names},
  author={Hammer, Matthew A and Dunfield, Joshua and Headley, Kyle and Labich, Nicholas and Foster, Jeffrey S and Hicks, Michael and Van Horn, David},
  journal={arXiv preprint arXiv:1503.07792},
  year={2015}
}

@inproceedings{pimentel2015collecting,
  title={Collecting and Analyzing Provenance on Interactive Notebooks: when IPython meets noWorkflow},
  author={Pimentel, Jo{\~a}o Felipe Nicolaci and Braganholo, Vanessa and Murta, Leonardo and Freire, Juliana},
  booktitle={Proceedings of the 7th USENIX Conference on Theory and Practice of Provenance},
  pages={10--10},
  year={2015},
  organization={USENIX Association}
}

@article{perez2007ipython,
  title={IPython: a system for interactive scientific computing},
  author={P{\'e}rez, Fernando and Granger, Brian E},
  journal={Computing in Science \& Engineering},
  volume={9},
  number={3},
  pages={21--29},
  year={2007},
  publisher={AIP Publishing}
}
