@article{green_datalog_2013,
	title = {Datalog and {Recursive} {Query} {Processing}.},
	volume = {5},
	url = {http://www.qjps.com/article/Download/DBS-017},
	number = {2},
	urldate = {2015-02-10},
	journal = {Foundations and Trends in Databases},
	author = {Green, Todd J. and Huang, Shan Shan and Loo, Boon Thau and Zhou, Wenchao},
	year = {2013},
	pages = {105--195},
	file = {Green-Vol5-DBS-017.pdf:/Users/benjamin/Library/Application Support/Zotero/Profiles/i8zmk51x.default/zotero/storage/QZCJJ3ZN/Green-Vol5-DBS-017.pdf:application/pdf}
}

@inproceedings{de_virgilio_converting_2013,
	title = {Converting relational to graph databases},
	url = {http://dl.acm.org/citation.cfm?id=2484426},
	urldate = {2015-02-13},
	booktitle = {First {International} {Workshop} on {Graph} {Data} {Management} {Experiences} and {Systems}},
	publisher = {ACM},
	author = {De Virgilio, Roberto and Maccioni, Antonio and Torlone, Riccardo},
	year = {2013},
	pages = {1},
	file = {[PDF] from unibo.it:/Users/benjamin/Library/Application Support/Zotero/Profiles/i8zmk51x.default/zotero/storage/7AAHVRZD/De Virgilio et al. - 2013 - Converting relational to graph databases.pdf:application/pdf;Snapshot:/Users/benjamin/Library/Application Support/Zotero/Profiles/i8zmk51x.default/zotero/storage/7G3BZQP3/citation.html:text/html}
}

@inproceedings{he_graphs-at--time_2008,
	title = {Graphs-at-a-time: query language and access methods for graph databases},
	shorttitle = {Graphs-at-a-time},
	url = {http://dl.acm.org/citation.cfm?id=1376660},
	urldate = {2015-02-13},
	booktitle = {Proceedings of the 2008 {ACM} {SIGMOD} international conference on {Management} of data},
	publisher = {ACM},
	author = {He, Huahai and Singh, Ambuj K.},
	year = {2008},
	pages = {405--418},
	file = {[PDF] from ucsb.edu:/Users/benjamin/Library/Application Support/Zotero/Profiles/i8zmk51x.default/zotero/storage/45J5HSF4/He and Singh - 2008 - Graphs-at-a-time query language and access method.pdf:application/pdf;Snapshot:/Users/benjamin/Library/Application Support/Zotero/Profiles/i8zmk51x.default/zotero/storage/7HIZI9A8/citation.html:text/html}
}

@book{rodriguez_gremlin_2013,
	title = {Gremlin graph traversal language},
	author = {Rodriguez, M. A. and {others}},
	year = {2013}
}

@article{rodriguez_exploring_2012,
	title = {Exploring {Wikipedia} with {Gremlin} {Graph} {Traversals}},
	url = {http://markorodriguez.com/2012/03/07/exploring-wikipedia-with-gremlin-graph-traversals/},
	urldate = {2015-02-13},
	journal = {Marko A. Rodriguez},
	author = {Rodriguez, Marko A.},
	year = {2012},
	file = {[HTML] from markorodriguez.com:/Users/benjamin/Library/Application Support/Zotero/Profiles/i8zmk51x.default/zotero/storage/EHBZTSJ9/exploring-wikipedia-with-gremlin-graph-traversals.html:text/html}
}

@inproceedings{miller_graph_2013,
	title = {Graph {Database} {Applications} and {Concepts} with {Neo}4j},
	url = {http://sais.aisnet.org/2013/MillerJ.pdf},
	urldate = {2015-02-13},
	booktitle = {Proceedings of the {Southern} {Association} for {Information} {Systems} {Conference}, {Atlanta}, {GA}, {USA} {March} 23rd-24th},
	author = {Miller, Justin J.},
	year = {2013},
	file = {[PDF] from aisnet.org:/Users/benjamin/Library/Application Support/Zotero/Profiles/i8zmk51x.default/zotero/storage/3PHXAX4J/Miller - 2013 - Graph Database Applications and Concepts with Neo4.pdf:application/pdf}
}

@inproceedings{hert_comparison_2011,
	title = {A comparison of {RDB}-to-{RDF} mapping languages},
	url = {http://dl.acm.org/citation.cfm?id=2063522},
	urldate = {2015-02-13},
	booktitle = {Proceedings of the 7th {International} {Conference} on {Semantic} {Systems}},
	publisher = {ACM},
	author = {Hert, Matthias and Reif, Gerald and Gall, Harald C.},
	year = {2011},
	pages = {25--32},
	file = {Snapshot:/Users/benjamin/Library/Application Support/Zotero/Profiles/i8zmk51x.default/zotero/storage/B97ADRKA/citation.html:text/html}
}

@inproceedings{ghelli_query_2010,
	title = {Query {Languages} for {Graph} {Databases}},
	url = {http://wigowin.di.unipi.it/wp/abstracts/15Ghelli.pdf},
	urldate = {2015-02-13},
	booktitle = {1st {Internal} {Conference} on {What} is {Going} on and {What} is {Next}?},
	author = {Ghelli, Giorgio and Pardini, Luca},
	year = {2010},
	pages = {50},
	file = {[PDF] from unipi.it:/Users/benjamin/Library/Application Support/Zotero/Profiles/i8zmk51x.default/zotero/storage/6WRHMKPP/Ghelli and Pardini - 2010 - Query Languages for Graph Databases.pdf:application/pdf}
}