@inproceedings{bengfort_interactive_2015,
	title = {Interactive {Knowledge}-{Goal} {Reasoning}},
	url = {https://smartech.gatech.edu/bitstream/handle/1853/53646/Technical%20Report%20GT-IRIM-CR-2015-001.pdf#page=13},
	urldate = {2015-08-25},
	booktitle = {Goal {Reasoning}: {Papers} from the {ACS} {Workshop}},
	author = {Bengfort, Benjamin and Cox, Michael T.},
	year = {2015},
	pages = {10},
	file = {[PDF] from gatech.edu:/Users/benjamin/Library/Application Support/Zotero/Profiles/i8zmk51x.default/zotero/storage/564K5HI4/Bengfort et al. - 2015 - Interactive Knowledge-Goal Reasoning.pdf:application/pdf}
}


@inproceedings{bengfort_evolutionary_2014,
	title = {Evolutionary design of self-organizing particle systems for collective problem solving},
	url = {http://ieeexplore.ieee.org/xpls/abs_all.jsp?arnumber=7011790},
	urldate = {2015-02-03},
	booktitle = {Swarm {Intelligence} ({SIS}), 2014 {IEEE} {Symposium} on},
	publisher = {IEEE},
	author = {Bengfort, Benjamin and Kim, Philip Y. and Harrison, Kevin and Reggia, James A.},
	year = {2014},
	pages = {1--8},
	file = {PID3403693.pdf:/Users/benjamin/Library/Application Support/Zotero/Profiles/i8zmk51x.default/zotero/storage/PKTA7TTK/PID3403693.pdf:application/pdf;Snapshot:/Users/benjamin/Library/Application Support/Zotero/Profiles/i8zmk51x.default/zotero/storage/ZS4S7G5C/cookiedetectresponse.html:text/html}
}

@inproceedings{bengfort_efficient_2011,
	title = {Efficient resource allocation in {Hybrid} {Wireless} {Networks}},
	url = {http://ieeexplore.ieee.org/xpls/abs_all.jsp?arnumber=5779238},
	urldate = {2015-02-03},
	booktitle = {Wireless {Communications} and {Networking} {Conference} ({WCNC}), 2011 {IEEE}},
	publisher = {IEEE},
	author = {Bengfort, Benjamin and Du, Xiaojiang},
	year = {2011},
	pages = {820--825},
	file = {PID1602635b.pdf:/Users/benjamin/Library/Application Support/Zotero/Profiles/i8zmk51x.default/zotero/storage/FUTFV3FX/PID1602635b.pdf:application/pdf;Snapshot:/Users/benjamin/Library/Application Support/Zotero/Profiles/i8zmk51x.default/zotero/storage/NZ8D298U/cookiedetectresponse.html:text/html}
}

@misc{bengfort_hadoop_2015,
	title = {Hadoop {Fundamentals} for {Data} {Scientists}},
	url = {http://shop.oreilly.com/product/0636920035183.do},
	abstract = {Get a practical introduction to Hadoop, the framework that made big data and large-scale analytics possible by combining distributed computing techniques with distributed storage. In this video tutorial, hosts Benjamin Bengfort and Jenny Kim discuss the core concepts behind distributed computing and big data, and then show you how to work with a Hadoop cluster and program analytical jobs. Youâ€™ll also learn how to use higher-level tools such as Hive and Spark.},
	publisher = {O'Reilly Media},
	author = {Bengfort, Benjamin and Kim, Jenny},
	month = jan,
	year = {2015}
}

@book{ojeda_practical_2014,
	title = {Practical {Data} {Science} {Cookbook}},
	url = {https://books.google.com/books?hl=en&lr=&id=E5efBAAAQBAJ&oi=fnd&pg=PT26&dq=Practical+Data+Science+Cookbook&ots=650opTYTqi&sig=QE9hCpQyPx7N_MEZIEt5es0YNes},
	urldate = {2015-02-03},
	publisher = {Packt Publishing Ltd},
	author = {Ojeda, Tony and Murphy, Sean Patrick and Bengfort, Benjamin and Dasgupta, Abhijit},
	year = {2014},
	file = {[PDF] from francischan.com:/Users/benjamin/Library/Application Support/Zotero/Profiles/i8zmk51x.default/zotero/storage/G2DT9QA6/Ojeda et al. - 2014 - Practical Data Science Cookbook.pdf:application/pdf;Snapshot:/Users/benjamin/Library/Application Support/Zotero/Profiles/i8zmk51x.default/zotero/storage/42FC6A85/books.html:text/html}
}
