
@inproceedings{ram_knowledge_1990,
	title = {Knowledge goals: A theory of interestingness},
	shorttitle = {Knowledge goals},
	url = {http://citeseerx.ist.psu.edu/viewdoc/download?doi=10.1.1.49.2728&rep=rep1&type=pdf},
	urldate = {2014-02-28},
	booktitle = {Proceedings of the Twelvth Annual Conference of the Cognitive Science Society},
	publisher = {Citeseer},
	author = {Ram, Ashwin},
	year = {1990},
	pages = {206--214}
}

@inproceedings{yahya_natural_2012,
	title = {Natural language questions for the web of data},
	url = {http://dl.acm.org/citation.cfm?id=2390995},
	urldate = {2014-02-28},
	booktitle = {Proceedings of the 2012 Joint Conference on Empirical Methods in Natural Language Processing and Computational Natural Language Learning},
	publisher = {Association for Computational Linguistics},
	author = {Yahya, Mohamed and Berberich, Klaus and Elbassuoni, Shady and Ramanath, Maya and Tresp, Volker and Weikum, Gerhard},
	year = {2012},
	pages = {379--390}
}

@article{grosz_planning_1999,
	title = {Planning and acting together},
	volume = {20},
	url = {http://www.aaai.org/ojs/index.php/aimagazine/article/viewArticle/1476},
	number = {4},
	urldate = {2014-09-04},
	journal = {{AI} magazine},
	author = {Grosz, Barbara J. and Hunsberger, Luke and Kraus, Sarit},
	year = {1999},
	pages = {23}
}

@article{lopez_de_mantaras_retrieval_2005,
	title = {Retrieval, reuse, revision and retention in case-based reasoning},
	volume = {20},
	url = {http://journals.cambridge.org/abstract_S0269888906000646},
	number = {03},
	urldate = {2014-10-08},
	journal = {The Knowledge Engineering Review},
	author = {Lopez De Mantaras, Ramon and McSherry, David and Bridge, Derek and Leake, David and Smyth, Barry and Craw, Susan and Faltings, Boi and Maher, Mary Lou and Cox, Michael T. and Forbus, Kenneth and {others}},
	year = {2005},
	pages = {215--240}
}

@article{munoz-avila_case-based_2008,
	title = {Case-based plan adaptation: An analysis and review},
	volume = {23},
	shorttitle = {Case-based plan adaptation},
	url = {http://ieeexplore.ieee.org/xpls/abs_all.jsp?arnumber=4580549},
	number = {4},
	urldate = {2014-10-08},
	journal = {Intelligent Systems, {IEEE}},
	author = {Muñoz-Avila, Héctor and Cox, Michael T.},
	year = {2008},
	pages = {75--81}
}

@inproceedings{hammond_faq_1995,
	title = {{FAQ} finder: a case-based approach to knowledge navigation},
	shorttitle = {{FAQ} finder},
	url = {http://ieeexplore.ieee.org/xpls/abs_all.jsp?arnumber=378787},
	urldate = {2014-10-08},
	booktitle = {Artificial Intelligence for Applications, 1995. Proceedings., 11th Conference on},
	publisher = {{IEEE}},
	author = {Hammond, Kristen and Burke, Robin and Martin, Charles and Lytinen, Steven},
	year = {1995},
	pages = {80--86}
}

@incollection{hayes_case-based_2001,
	title = {A case-based reasoning view of automated collaborative filtering},
	url = {http://link.springer.com/chapter/10.1007/3-540-44593-5_17},
	urldate = {2014-10-08},
	booktitle = {Case-Based Reasoning Research and Development},
	publisher = {Springer},
	author = {Hayes, Conor and Cunningham, Pádraig and Smyth, Barry},
	year = {2001},
	pages = {234--248}
}

@article{burke_question_1997,
	title = {Question answering from frequently asked question files: Experiences with the faq finder system},
	volume = {18},
	shorttitle = {Question answering from frequently asked question files},
	url = {http://www.aaai.org/ojs/index.php/aimagazine/article/viewArticle/1294},
	number = {2},
	urldate = {2014-10-08},
	journal = {{AI} magazine},
	author = {Burke, Robin D. and Hammond, Kristian J. and Kulyukin, Vladimir and Lytinen, Steven L. and Tomuro, Noriko and Schoenberg, Scott},
	year = {1997},
	pages = {57}
}

@article{weber_textual_2005,
	title = {Textual case-based reasoning},
	volume = {20},
	url = {http://journals.cambridge.org/production/action/cjoGetFulltext?fulltextid=435278},
	number = {3},
	urldate = {2014-10-08},
	journal = {Knowledge Engineering Review},
	author = {Weber, Rosina O. and Ashley, Kevin D. and Brüninghaus, Stefanie},
	year = {2005},
	pages = {255--260}
}

@inproceedings{burke_natural_1997,
	title = {Natural language processing in the faq finder system: Results and prospects},
	shorttitle = {Natural language processing in the faq finder system},
	url = {http://www.aaai.org/Papers/Symposia/Spring/1997/SS-97-02/SS97-02-003.pdf},
	urldate = {2014-10-08},
	booktitle = {Working Notes from {AAAI} Spring Symposium on {NLP} on the {WWW}},
	author = {Burke, Robin and Hammond, Kristian and Kulyukin, Vladimir and Lytinen, Steven and Tomuro, Noriko and Schoenberg, Scott},
	year = {1997},
	pages = {17--26}
}

@article{ram_theory_1991,
	title = {A theory of questions and question asking},
	volume = {1},
	url = {http://www.tandfonline.com/doi/abs/10.1080/10508406.1991.9671973},
	number = {3-4},
	urldate = {2014-10-20},
	journal = {Journal of the Learning Sciences},
	author = {Ram, Ashwin},
	year = {1991},
	pages = {273--318}
}

@inproceedings{xue_retrieval_2008,
	title = {Retrieval models for question and answer archives},
	url = {http://dl.acm.org/citation.cfm?id=1390416},
	urldate = {2014-11-13},
	booktitle = {Proceedings of the 31st annual international {ACM} {SIGIR} conference on Research and development in information retrieval},
	publisher = {{ACM}},
	author = {Xue, Xiaobing and Jeon, Jiwoon and Croft, W. Bruce},
	year = {2008},
	pages = {475--482}
}

@inproceedings{jeon_finding_2005,
	title = {Finding similar questions in large question and answer archives},
	url = {http://dl.acm.org/citation.cfm?id=1099572},
	urldate = {2014-11-13},
	booktitle = {Proceedings of the 14th {ACM} international conference on Information and knowledge management},
	publisher = {{ACM}},
	author = {Jeon, Jiwoon and Croft, W. Bruce and Lee, Joon Ho},
	year = {2005},
	pages = {84--90}
}

@inproceedings{ram_goal-based_1991,
	title = {A Goal-Based Approach to Intelligent Information Retrieval.},
	booktitle = {{ML}},
	publisher = {Citeseer},
	author = {Ram, Ashwin and Hunter, Lawrence},
	year = {1991},
	pages = {265--269}
}

@inproceedings{hunter_knowledge_1990,
	title = {Knowledge acquisition planning for inference from large databases},
	volume = {2},
	url = {http://ieeexplore.ieee.org/xpls/abs_all.jsp?arnumber=205173},
	urldate = {2014-11-13},
	booktitle = {System Sciences, 1990., Proceedings of the Twenty-Third Annual Hawaii International Conference on},
	publisher = {{IEEE}},
	author = {Hunter, Lawrence},
	year = {1990},
	pages = {35--44}
}

@article{domeshek_abby:_1994,
	title = {Abby: Exploring an indexing vocabulary for social advice},
	shorttitle = {Abby},
	journal = {Inside case-based explanation},
	author = {Domeshek, E. A. and Schank, R. C. and Kass, A. and Riesbeck, C. K.},
	year = {1994},
	pages = {127--166}
}

@inproceedings{berant_semantic_2013,
	title = {Semantic Parsing on Freebase from Question-Answer Pairs.},
	url = {http://www.aclweb.org/anthology/D13-1160},
	urldate = {2014-11-17},
	booktitle = {{EMNLP}},
	author = {Berant, Jonathan and Chou, Andrew and Frostig, Roy and Liang, Percy},
	year = {2013},
	pages = {1533--1544}
}

@inproceedings{zheng_entity_2012,
	title = {Entity disambiguation with freebase},
	url = {http://dl.acm.org/citation.cfm?id=2457667},
	urldate = {2014-11-17},
	booktitle = {Proceedings of the The 2012 {IEEE}/{WIC}/{ACM} International Joint Conferences on Web Intelligence and Intelligent Agent Technology-Volume 01},
	publisher = {{IEEE} Computer Society},
	author = {Zheng, Zhicheng and Si, Xiance and Li, Fangtao and Chang, Edward Y. and Zhu, Xiaoyan},
	year = {2012},
	pages = {82--89}
}

@inproceedings{bollacker_platform_2007,
	title = {A platform for scalable, collaborative, structured information integration},
	url = {http://www.aaai.org/Papers/Workshops/2007/WS-07-14/WS07-14-004.pdf},
	urldate = {2014-11-17},
	booktitle = {Intl. Workshop on Information Integration on the Web ({IIWeb}’07)},
	author = {Bollacker, Kurt and Cook, R. and Tufts, P.},
	year = {2007}
}

@inproceedings{bollacker_freebase:_2008,
	title = {Freebase: a collaboratively created graph database for structuring human knowledge},
	shorttitle = {Freebase},
	url = {http://dl.acm.org/citation.cfm?id=1376746},
	urldate = {2014-11-17},
	booktitle = {Proceedings of the 2008 {ACM} {SIGMOD} international conference on Management of data},
	publisher = {{ACM}},
	author = {Bollacker, Kurt and Evans, Colin and Paritosh, Praveen and Sturge, Tim and Taylor, Jamie},
	year = {2008},
	pages = {1247--1250}
}

@article{frank_question_2007,
	title = {Question answering from structured knowledge sources},
	volume = {5},
	url = {http://www.sciencedirect.com/science/article/pii/S157086830500090X},
	number = {1},
	urldate = {2014-11-17},
	journal = {Journal of Applied Logic},
	author = {Frank, Anette and Krieger, Hans-Ulrich and Xu, Feiyu and Uszkoreit, Hans and Crysmann, Berthold and Jörg, Brigitte and Schäfer, Ulrich},
	year = {2007},
	pages = {20--48}
}

@article{hirschman_natural_2001,
	title = {Natural language question answering: the view from here},
	volume = {7},
	shorttitle = {Natural language question answering},
	url = {http://journals.cambridge.org/abstract_S1351324901002807},
	number = {04},
	urldate = {2014-11-17},
	journal = {Natural Language Engineering},
	author = {Hirschman, Lynette and Gaizauskas, Robert},
	year = {2001},
	pages = {275--300}
}

@incollection{kalyanpur_leveraging_2011,
	title = {Leveraging community-built knowledge for type coercion in question answering},
	url = {http://link.springer.com/chapter/10.1007/978-3-642-25093-4_10},
	urldate = {2014-11-17},
	booktitle = {The Semantic Web–{ISWC} 2011},
	publisher = {Springer},
	author = {Kalyanpur, Aditya and Murdock, J. William and Fan, James and Welty, Christopher},
	year = {2011},
	pages = {144--156}
}

@inproceedings{unger_template-based_2012,
	title = {Template-based question answering over {RDF} data},
	url = {http://dl.acm.org/citation.cfm?id=2187923},
	urldate = {2014-11-17},
	booktitle = {Proceedings of the 21st international conference on World Wide Web},
	publisher = {{ACM}},
	author = {Unger, Christina and Bühmann, Lorenz and Lehmann, Jens and Ngonga Ngomo, Axel-Cyrille and Gerber, Daniel and Cimiano, Philipp},
	year = {2012},
	pages = {639--648}
}

@inproceedings{abowd_towards_1999,
	title = {Towards a better understanding of context and context-awareness},
	url = {http://link.springer.com/chapter/10.1007/3-540-48157-5_29},
	urldate = {2014-11-17},
	booktitle = {Handheld and ubiquitous computing},
	publisher = {Springer},
	author = {Abowd, Gregory D. and Dey, Anind K. and Brown, Peter J. and Davies, Nigel and Smith, Mark and Steggles, Pete},
	year = {1999},
	pages = {304--307}
}


@book{manning_introduction_2008,
	title = {Introduction to information retrieval},
	volume = {1},
	url = {http://www.langtoninfo.co.uk/web_content/9780521865715_frontmatter.pdf},
	urldate = {2014-11-17},
	publisher = {Cambridge university press Cambridge},
	author = {Manning, Christopher D. and Raghavan, Prabhakar and Schütze, Hinrich},
	year = {2008}
}

@incollection{prager_question_2006,
	title = {Question answering by predictive annotation},
	url = {http://link.springer.com/chapter/10.1007/978-1-4020-4746-6_10},
	urldate = {2014-11-17},
	booktitle = {Advances in Open Domain Question Answering},
	publisher = {Springer},
	author = {Prager, John and Chu-Carroll, Jennifer and Brown, Eric W. and Czuba, Krzysztof},
	year = {2006},
	pages = {307--347}
}

@inproceedings{jeon_finding_2005-1,
	title = {Finding semantically similar questions based on their answers},
	url = {http://dl.acm.org/citation.cfm?id=1076156},
	urldate = {2014-11-17},
	booktitle = {Proceedings of the 28th annual international {ACM} {SIGIR} conference on Research and development in information retrieval},
	publisher = {{ACM}},
	author = {Jeon, Jiwoon and Croft, W. Bruce and Lee, Joon Ho},
	year = {2005},
	pages = {617--618}
}

@inproceedings{wang_wisdom_2013,
	title = {Wisdom in the social crowd: an analysis of quora},
	shorttitle = {Wisdom in the social crowd},
	url = {http://dl.acm.org/citation.cfm?id=2488506},
	urldate = {2014-11-17},
	booktitle = {Proceedings of the 22nd international conference on World Wide Web},
	publisher = {International World Wide Web Conferences Steering Committee},
	author = {Wang, Gang and Gill, Konark and Mohanlal, Manish and Zheng, Haitao and Zhao, Ben Y.},
	year = {2013},
	pages = {1341--1352}
}

@inproceedings{suchanek_yago:_2007,
	title = {Yago: a core of semantic knowledge},
	shorttitle = {Yago},
	url = {http://dl.acm.org/citation.cfm?id=1242667},
	urldate = {2014-11-18},
	booktitle = {Proceedings of the 16th international conference on World Wide Web},
	publisher = {{ACM}},
	author = {Suchanek, Fabian M. and Kasneci, Gjergji and Weikum, Gerhard},
	year = {2007},
	pages = {697--706}
}

@book{auer_dbpedia:_2007,
	title = {Dbpedia: A nucleus for a web of open data},
	shorttitle = {Dbpedia},
	url = {http://link.springer.com/chapter/10.1007/978-3-540-76298-0_52},
	urldate = {2014-11-18},
	publisher = {Springer},
	author = {Auer, Sören and Bizer, Christian and Kobilarov, Georgi and Lehmann, Jens and Cyganiak, Richard and Ives, Zachary},
	year = {2007}
}

@article{cox_mixed-initiative_2007,
	title = {Mixed-initiative goal manipulation},
	volume = {28},
	url = {http://www.aaai.org/ojs/index.php/aimagazine/article/viewArticle/2040},
	number = {2},
	urldate = {2014-11-18},
	journal = {{AI} Magazine},
	author = {Cox, Michael T. and Zhang, Chen},
	year = {2007},
	pages = {62}
}