
@article{lamport_paxos_2001,
  title = {Paxos made simple},
  volume = {32},
  timestamp = {2016-05-02T18:52:43Z},
  number = {4},
  urldate = {2014-11-03},
  journal = {ACM Sigact News},
  author = {Lamport, Leslie},
  year = {2001},
  pages = {18--25},
  file = {paxosMadeSimple.pdf:/Users/benjamin/Library/Application Support/Zotero/Profiles/i8zmk51x.default/zotero/storage/W6A4KIAI/paxosMadeSimple.pdf:application/pdf}
}

@inproceedings{chandra_paxos_2007,
  title = {Paxos made live: an engineering perspective},
  shorttitle = {Paxos made live},
  timestamp = {2016-05-02T18:52:41Z},
  urldate = {2014-11-03},
  booktitle = {Proceedings of the twenty-sixth annual {{ACM}} symposium on {{Principles}} of distributed computing},
  publisher = {{ACM}},
  author = {Chandra, Tushar D. and Griesemer, Robert and Redstone, Joshua},
  year = {2007},
  pages = {398--407},
  file = {paxosMadeLive.pdf:/Users/benjamin/Library/Application Support/Zotero/Profiles/i8zmk51x.default/zotero/storage/VXVIGPGK/paxosMadeLive.pdf:application/pdf;Snapshot:/Users/benjamin/Library/Application Support/Zotero/Profiles/i8zmk51x.default/zotero/storage/GHN8T7NI/citation.html:text/html}
}

@inproceedings{hunt_zookeeper_2010,
  title = {{{ZooKeeper}}: {{Wait}}-free {{Coordination}} for {{Internet}}-scale {{Systems}}.},
  volume = {8},
  shorttitle = {{{ZooKeeper}}},
  timestamp = {2016-05-02T18:52:38Z},
  urldate = {2016-05-01},
  booktitle = {{{USENIX Annual Technical Conference}}},
  author = {Hunt, Patrick and Konar, Mahadev and Junqueira, Flavio Paiva and Reed, Benjamin},
  year = {2010},
  pages = {9},
  file = {[PDF] from usenix.org:/Users/benjamin/Library/Application Support/Zotero/Profiles/i8zmk51x.default/zotero/storage/E7HZV6JQ/Hunt et al. - 2010 - ZooKeeper Wait-free Coordination for Internet-sca.pdf:application/pdf}
}

@inproceedings{mao_mencius_2008,
  title = {Mencius: building efficient replicated state machines for {{WANs}}},
  volume = {8},
  shorttitle = {Mencius},
  timestamp = {2016-05-02T18:52:01Z},
  urldate = {2016-05-01},
  booktitle = {{{OSDI}}},
  author = {Mao, Yanhua and Junqueira, Flavio Paiva and Marzullo, Keith},
  year = {2008},
  pages = {369--384},
  file = {[HTML] from usenix.org:/Users/benjamin/Library/Application Support/Zotero/Profiles/i8zmk51x.default/zotero/storage/NVFPB26K/mao_html.html:text/html}
}

@inproceedings{burrows_chubby_2006,
  title = {The {{Chubby}} lock service for loosely-coupled distributed systems},
  timestamp = {2016-05-02T18:52:06Z},
  urldate = {2016-05-01},
  booktitle = {Proceedings of the 7th symposium on {{Operating}} systems design and implementation},
  publisher = {{USENIX Association}},
  author = {Burrows, Mike},
  year = {2006},
  pages = {335--350},
  file = {Snapshot:/Users/benjamin/Library/Application Support/Zotero/Profiles/i8zmk51x.default/zotero/storage/HM6B2ZRP/citation.html:text/html;[HTML] from usenix.org:/Users/benjamin/Library/Application Support/Zotero/Profiles/i8zmk51x.default/zotero/storage/MIMB3DVJ/burrows_html.html:text/html}
}

@inproceedings{ongaro_search_2014,
  title = {In search of an understandable consensus algorithm},
  timestamp = {2016-05-02T18:51:57Z},
  urldate = {2016-05-01},
  booktitle = {2014 {{USENIX Annual Technical Conference}} ({{USENIX ATC}} 14)},
  author = {Ongaro, Diego and Ousterhout, John},
  year = {2014},
  pages = {305--319},
  file = {raft.pdf:/Users/benjamin/Library/Application Support/Zotero/Profiles/i8zmk51x.default/zotero/storage/WFQ5VNT6/raft.pdf:application/pdf;Snapshot:/Users/benjamin/Library/Application Support/Zotero/Profiles/i8zmk51x.default/zotero/storage/KSZZBIN9/ongaro.html:text/html}
}

@article{liu_warranties_2014,
  title = {Warranties for faster strong consistency},
  timestamp = {2016-05-02T18:52:04Z},
  urldate = {2016-01-08},
  journal = {Proc. of the 11th USENIX NSDI},
  author = {Liu, Jed and Magrino, Tom and Arden, Owen and George, Michael D. and Myers, Andrew C.},
  year = {2014},
  file = {[PDF] from usenix.org:/Users/benjamin/Library/Application Support/Zotero/Profiles/i8zmk51x.default/zotero/storage/G96QJCPZ/Liu et al. - 2014 - Warranties for faster strong consistency.pdf:application/pdf}
}

@article{mazieres_stellar_2015,
  title = {The stellar consensus protocol: {{A}} federated model for internet-level consensus},
  shorttitle = {The stellar consensus protocol},
  timestamp = {2016-05-02T18:51:53Z},
  urldate = {2016-02-04},
  journal = {Draft, Stellar Development Foundation, 15th May, available at: https://www. stellar. org/papers/stellarconsensus-protocol. pdf (accessed 23rd May, 2015)},
  author = {Mazieres, David},
  year = {2015},
  file = {stellar-consensus-protocol.pdf:/Users/benjamin/Library/Application Support/Zotero/Profiles/i8zmk51x.default/zotero/storage/B3ERKJHX/stellar-consensus-protocol.pdf:application/pdf}
}

@inproceedings{moraru_there_2013,
  title = {There is more consensus in egalitarian parliaments},
  timestamp = {2016-05-02T18:51:51Z},
  urldate = {2016-04-27},
  booktitle = {Proceedings of the {{Twenty-Fourth ACM Symposium}} on {{Operating Systems Principles}}},
  publisher = {{ACM}},
  author = {Moraru, Iulian and Andersen, David G. and Kaminsky, Michael},
  year = {2013},
  pages = {358--372},
  file = {[PDF] from cmu.edu:/Users/benjamin/Library/Application Support/Zotero/Profiles/i8zmk51x.default/zotero/storage/DB5FRJUT/DB5FRJUT.pdf:application/pdf;Snapshot:/Users/benjamin/Library/Application Support/Zotero/Profiles/i8zmk51x.default/zotero/storage/4BR6WIEA/citation.html:text/html}
}

@article{lamport_fast_2006,
  title = {Fast paxos},
  volume = {19},
  timestamp = {2016-05-02T18:51:50Z},
  number = {2},
  urldate = {2016-04-27},
  journal = {Distributed Computing},
  author = {Lamport, Leslie},
  year = {2006},
  pages = {79--103},
  file = {[PDF] from microsoft.com:/Users/benjamin/Library/Application Support/Zotero/Profiles/i8zmk51x.default/zotero/storage/RFER345B/Lamport - 2006 - Fast paxos.pdf:application/pdf;Snapshot:/Users/benjamin/Library/Application Support/Zotero/Profiles/i8zmk51x.default/zotero/storage/3X7TM9XF/s00446-006-0005-x.html:text/html}
}

@article{howard_raft_2015,
  title = {Raft refloated: do we have consensus?},
  volume = {49},
  shorttitle = {Raft refloated},
  timestamp = {2016-05-02T18:51:38Z},
  number = {1},
  urldate = {2016-04-27},
  journal = {ACM SIGOPS Operating Systems Review},
  author = {Howard, Heidi and Schwarzkopf, Malte and Madhavapeddy, Anil and Crowcroft, Jon},
  year = {2015},
  pages = {12--21},
  file = {[PDF] from cam.ac.uk:/Users/benjamin/Library/Application Support/Zotero/Profiles/i8zmk51x.default/zotero/storage/9MU3AMIE/9MU3AMIE.pdf:application/pdf;Snapshot:/Users/benjamin/Library/Application Support/Zotero/Profiles/i8zmk51x.default/zotero/storage/XVH7AZ2V/citation.html:text/html}
}

@article{collberg_measuring_2014,
  title = {Measuring reproducibility in computer systems research},
  timestamp = {2016-05-02T18:55:43Z},
  journal = {Department of Computer Science, University of Arizona, Tech. Rep},
  author = {Collberg, Christian and Proebsting, Todd and Moraila, Gina and Shankaran, Akash and Shi, Zuoming and Warren, Alex M.},
  year = {2014},
  file = {mrcsr.pdf:/Users/benjamin/Library/Application Support/Zotero/Profiles/i8zmk51x.default/zotero/storage/DKI8S34W/mrcsr.pdf:application/pdf}
}

@inproceedings{kovacevic_how_2007,
  title = {How to encourage and publish reproducible research},
  volume = {4},
  timestamp = {2016-05-02T18:56:24Z},
  urldate = {2016-05-02},
  booktitle = {Acoustics, {{Speech}} and {{Signal Processing}}, 2007. {{ICASSP}} 2007. {{IEEE International Conference}} on},
  publisher = {{IEEE}},
  author = {Kovacevic, Jelena},
  year = {2007},
  pages = {IV--1273},
  file = {[PDF] from epfl.ch:/Users/benjamin/Library/Application Support/Zotero/Profiles/i8zmk51x.default/zotero/storage/XT4HE45S/Kovacevic - 2007 - How to encourage and publish reproducible research.pdf:application/pdf;Snapshot:/Users/benjamin/Library/Application Support/Zotero/Profiles/i8zmk51x.default/zotero/storage/EPP8W9CA/login.html:text/html}
}

@misc{muller_simpy_2003,
  title = {Simpy: {{Simulating Systems}} in {{Python}}},
  shorttitle = {Simpy},
  timestamp = {2016-05-02T19:01:55Z},
  journal = {ONLamp. com Python Devcenter},
  author = {Muller, Klaus and Vignaux, Tony},
  month = feb,
  year = {2003}
}

@misc{muller_simpy_2015,
  title = {{{SimPy}}},
  abstract = {SimPy is a process-based discrete-event simulation framework based on standard Python. Its event dispatcher is based on Python's generators and can also be used for asynchronous networking or to implement multi-agent systems (with both, simulated and real communication).},
  timestamp = {2016-05-02T19:05:39Z},
  author = {M{\"u}ller, Klaus G. and Vignaux, Tony and L{\"u}nsdorf, Ontje and Scherfke, Stefan and Turner, Karen},
  month = jun,
  year = {2015}
}

@inproceedings{van_gorp_share_2011,
  title = {{{SHARE}}: a web portal for creating and sharing executable research papers},
  volume = {4},
  shorttitle = {{{SHARE}}},
  timestamp = {2016-05-02T19:07:28Z},
  urldate = {2016-05-02},
  booktitle = {Procedia {{Computer Science}}},
  author = {{Van Gorp}, Pieter and Mazanek, Steffen},
  year = {2011},
  pages = {589--597},
  file = {[HTML] from sciencedirect.com:/Users/benjamin/Library/Application Support/Zotero/Profiles/i8zmk51x.default/zotero/storage/BHGSHIS9/S1877050911001207.html:text/html}
}

@misc{johnson_secret_2014,
  title = {The {{Secret Lives}} of {{Data}}},
  timestamp = {2016-05-02T19:19:04Z},
  urldate = {2016-05-02},
  howpublished = {\url{http://thesecretlivesofdata.com/}},
  author = {Johnson, Ben},
  month = oct,
  year = {2014},
  file = {The Secret Lives of Data:/Users/benjamin/Library/Application Support/Zotero/Profiles/i8zmk51x.default/zotero/storage/DC7BVBH2/thesecretlivesofdata.com.html:text/html}
}

@misc{ongaro_raft_2015,
  title = {Raft {{Scope}}},
  timestamp = {2016-05-02T19:20:26Z},
  urldate = {2016-05-02},
  howpublished = {\url{https://raft.github.io/raftscope-replay/}},
  author = {Ongaro, Diego},
  month = aug,
  year = {2015},
  file = {Raft Scope:/Users/benjamin/Library/Application Support/Zotero/Profiles/i8zmk51x.default/zotero/storage/CSNMMNP6/raftscope-replay.html:text/html}
}

@inproceedings{bolosky_paxos_2011,
  title = {Paxos replicated state machines as the basis of a high-performance data store},
  timestamp = {2016-05-02T19:32:42Z},
  urldate = {2016-05-02},
  booktitle = {Symposium on {{Networked Systems Design}} and {{Implementation}} ({{NSDI}})},
  author = {Bolosky, William J. and Bradshaw, Dexter and Haagens, Randolph B. and Kusters, Norbert P. and Li, Peng},
  year = {2011},
  pages = {141--154},
  file = {[PDF] from usenix.org:/Users/benjamin/Library/Application Support/Zotero/Profiles/i8zmk51x.default/zotero/storage/VQWI34JX/Bolosky et al. - 2011 - Paxos replicated state machines as the basis of a .pdf:application/pdf}
}

@misc{bengfort_cloudscope_2016,
  title = {{{CloudScope}}},
  timestamp = {2016-05-02T20:47:26Z},
  author = {Bengfort, Benjamin},
  month = feb,
  year = {2016}
}


