@article{lampson1973note,
  title={A note on the confinement problem},
  author={Lampson, Butler W},
  journal={Communications of the ACM},
  volume={16},
  number={10},
  pages={613--615},
  year={1973},
  publisher={ACM}
}

@article{sabelfeld2003language,
  title={Language-based information-flow security},
  author={Sabelfeld, Andrei and Myers, Andrew C},
  journal={Selected Areas in Communications, IEEE Journal on},
  volume={21},
  number={1},
  pages={5--19},
  year={2003},
  publisher={IEEE}
}

@article{denning1976lattice,
  title={A lattice model of secure information flow},
  author={Denning, Dorothy E},
  journal={Communications of the ACM},
  volume={19},
  number={5},
  pages={236--243},
  year={1976},
  publisher={ACM}
}

@article{austin2012multiple,
  title={Multiple facets for dynamic information flow},
  author={Austin, Thomas H and Flanagan, Cormac},
  journal={ACM SIGPLAN Notices},
  volume={47},
  number={1},
  pages={165--178},
  year={2012},
  publisher={ACM}
}

@article{austin2009efficient,
  title={Efficient purely-dynamic information flow analysis},
  author={Austin, Thomas H and Flanagan, Cormac},
  journal={ACM Sigplan Notices},
  volume={44},
  number={8},
  pages={20--31},
  year={2009},
  publisher={ACM}
}

@inproceedings{zdancewic2004challenges,
  title={Challenges for information-flow security},
  author={Zdancewic, Steve},
  booktitle={Proceedings of the 1st International Workshop on the Programming Language Interference and Dependence (PLIDâ€™04)},
  year={2004}
}

@incollection{askarov2008termination,
  title={Termination-insensitive noninterference leaks more than just a bit},
  author={Askarov, Aslan and Hunt, Sebastian and Sabelfeld, Andrei and Sands, David},
  booktitle={Computer Security-ESORICS 2008},
  pages={333--348},
  year={2008},
  publisher={Springer}
}

@inproceedings{volpano1997eliminating,
  title={Eliminating covert flows with minimum typings},
  author={Volpano, Dennis and Smith, Geoffrey},
  booktitle={Computer Security Foundations Workshop, 1997. Proceedings., 10th},
  pages={156--168},
  year={1997},
  organization={IEEE}
}
