@article{federmeier1999rose,
  title={A rose by any other name: Long-term memory structure and sentence processing},
  author={Federmeier, Kara D and Kutas, Marta},
  journal={Journal of memory and Language},
  volume={41},
  number={4},
  pages={469--495},
  year={1999},
  publisher={Elsevier}
}

@article{federmeier2007multiple,
  title={Multiple effects of sentential constraint on word processing},
  author={Federmeier, Kara D and Wlotko, Edward W and De Ochoa-Dewald, Esmeralda and Kutas, Marta},
  journal={Brain research},
  volume={1146},
  pages={75--84},
  year={2007},
  publisher={Elsevier}
}

@inproceedings{frank2013word,
  title={Word surprisal predicts N400 amplitude during reading},
  author={Frank, Stefan L and Otten, Leun J and Galli, Giulia and Vigliocco, Gabriella},
  booktitle={Proceedings of the 51st annual meeting of the Association for Computational Linguistics},
  pages={878--883},
  year={2013}
}

@article{kutas2000electrophysiology,
  title={Electrophysiology reveals semantic memory use in language comprehension},
  author={Kutas, Marta and Federmeier, Kara D},
  journal={Trends in cognitive sciences},
  volume={4},
  number={12},
  pages={463--470},
  year={2000},
  publisher={Elsevier}
}

@article{kutas1984brain,
  title={Brain potentials during reading reflect word expectancy and semantic association},
  author={Kutas, Marta and Hillyard, Steven A},
  year={1984},
  publisher={Nature Publishing Group}
}

@inproceedings{frank2009surprisal,
  title={Surprisal-based comparison between a symbolic and a connectionist model of sentence processing},
  author={Frank, Stefan L},
  booktitle={Proceedings of the 31st annual conference of the cognitive science society},
  pages={1139--1144},
  year={2009},
  organization={Cognitive Science Society Austin, TX}
}

@inproceedings{roark2009deriving,
  title={Deriving lexical and syntactic expectation-based measures for psycholinguistic modeling via incremental top-down parsing},
  author={Roark, Brian and Bachrach, Asaf and Cardenas, Carlos and Pallier, Christophe},
  booktitle={Proceedings of the 2009 Conference on Empirical Methods in Natural Language Processing: Volume 1-Volume 1},
  pages={324--333},
  year={2009},
  organization={Association for Computational Linguistics}
}

@inproceedings{demberg2009computational,
  title={A computational model of prediction in human parsing: Unifying locality and surprisal effects},
  author={Demberg, Vera and Keller, Frank},
  booktitle={Proceedings of the 29th meeting of the Cognitive Science Society (CogSci-09)},
  year={2009}
}

@article{lau2014,
author = {Lau, Ellen and Fogel, Allison and Delgado, Tania},
year = {Submitted},
title = {Electrophysiological effects of predictability and constraint in adjective-noun sequences using corpus-based probability estimates},
journal = {Frontiers in Psychology}
}

@misc{davies2008,
author = {Davies, Mark},
year = {2008-},
title = {The Corpus of Contemporary American English: 450 million words, 1990-present, 'http://corpus.byu.edu/coca/'}
}


@inproceedings{wang2010overview,
  title={An overview of Microsoft Web N-gram corpus and applications},
  author={Wang, Kuansan and Thrasher, Christopher and Viegas, Evelyne and Li, Xiaolong and Hsu, Bo-june Paul},
  booktitle={Proceedings of the NAACL HLT 2010 Demonstration Session},
  pages={45--48},
  year={2010},
  organization={Association for Computational Linguistics}
}

@inproceedings{kneser1995improved,
  title={Improved backing-off for m-gram language modeling},
  author={Kneser, Reinhard and Ney, Hermann},
  booktitle={Acoustics, Speech, and Signal Processing, 1995. ICASSP-95., 1995 International Conference on},
  volume={1},
  pages={181--184},
  year={1995},
  organization={IEEE}
}

@inproceedings{smith2011cloze,
  title={Cloze but no cigar: The complex relationship between cloze, corpus, and subjective probabilities in language processing},
  author={Smith, Nathaniel J and Levy, Roger},
  booktitle={Proceedings of the 33th annual meeting of the cognitive science society (cogsci11)},
  year={2011}
}

@article{staub2011effect,
  title={The effect of lexical predictability on distributions of eye fixation durations},
  author={Staub, Adrian},
  journal={Psychonomic bulletin \& review},
  volume={18},
  number={2},
  pages={371--376},
  year={2011},
  publisher={Springer}
}

@article{vanpetten1997,
author = {van Petten, Cyma and Weckerly, Jill and McIsaac, Heather and Kutas, Marta},
year = {1997},
title={Working memory capacity dissociates lexical and sentential context effects},
journal = {Psychological Science},
volume = {8},
number = {3},
pages={238-242}
}

@article{chowinprep,
author = {Chow, Wing-Yee and Lau, Ellen and Phillips, Colin},
year = {in revision},
title = {Electrical brain potentials reveal temporal dynamics of word prediction during language comprehension}
}

@article{otten2007,
author = {Otten, Marte and van Berkum, Jos J. A.},
year = {2007},
title = {What makes a discourse constraining? Comparing the effects of discourse message and scenario fit on the discourse-dependent N400 effect},
journal = {Brain Research},
volume = {1153},
pages = {166-177}
}

@article{kim2005,
author = {Kim, Albert and Osterhout, Lee},
year = {2005},
title = {The independence of combinatory semantic processing: Evidence from event-related potentials},
journal = {Journal of Memory and Language},
volume = {52},
pages = {205-225}
}