
@inproceedings{bermbach_eventual_2011,
	title = {Eventual consistency: How soon is eventual? An evaluation of Amazon S3's consistency behavior},
	url = {http://dl.acm.org/citation.cfm?id=2093186},
	shorttitle = {Eventual consistency},
	pages = {1},
	booktitle = {Proceedings of the 6th Workshop on Middleware for Service Oriented Computing},
	publisher = {{ACM}},
	author = {Bermbach, David and Tai, Stefan},
	urldate = {2016-02-12},
	date = {2011},
	file = {[PDF] from researchgate.net:/Users/benjamin/Zotero/storage/HAUQIC3B/HAUQIC3B.pdf:application/pdf;Snapshot:/Users/benjamin/Zotero/storage/IS7TJ2G9/citation.html:text/html}
}

@inproceedings{terry_session_1994,
	title = {Session guarantees for weakly consistent replicated data},
	url = {http://ieeexplore.ieee.org/xpls/abs_all.jsp?arnumber=331722},
	pages = {140--149},
	booktitle = {Parallel and Distributed Information Systems, 1994., Proceedings of the Third International Conference on},
	publisher = {{IEEE}},
	author = {Terry, Douglas B. and Demers, Alan J. and Petersen, Karin and Spreitzer, Mike J. and Theimer, Marvin M. and Welch, Brent B.},
	urldate = {2014-10-01},
	date = {1994},
	file = {[HTML] from parc.com:/Users/benjamin/Zotero/storage/2BP4AII2/www.parc.com.html:text/html;sessionGuarantees.pdf:/Users/benjamin/Zotero/storage/HECFA9XG/sessionGuarantees.pdf:application/pdf;Snapshot:/Users/benjamin/Zotero/storage/G2RVX28B/cookiedetectresponse.html:text/html}
}

@inproceedings{douceur_competitive_2001,
	title = {Competitive hill-climbing strategies for replica placement in a distributed file system},
	url = {http://link.springer.com/chapter/10.1007/3-540-45414-4_4},
	abstract = {"This is what our adapative methodology should beat".},
	pages = {48--62},
	booktitle = {International Symposium on Distributed Computing},
	publisher = {Springer},
	author = {Douceur, John R. and Wattenhofer, Roger P.},
	urldate = {2016-12-07},
	date = {2001},
	file = {Snapshot:/Users/benjamin/Zotero/storage/9UEUKFZ7/3-540-45414-4_4.html:text/html}
}

@inproceedings{langford_epoch-greedy_2008,
	title = {The Epoch-Greedy Algorithm for Multi-Armed Bandits with Side Information},
	pages = {817--824},
	booktitle = {Advances in Neural Information Processing Systems},
	author = {Langford, John and Zhang, Tong},
	urldate = {2016-11-14},
	date = {2008},
	note = {bibtex: langford\_epoch-greedy\_2008},
	file = {[PDF] nips.cc:/Users/benjamin/Zotero/storage/JGG643C4/Langford and Zhang - 2008 - The epoch-greedy algorithm for multi-armed bandits.pdf:application/pdf;Snapshot:/Users/benjamin/Zotero/storage/CRJMS3F5/3178-the-epoch-greedy-algorithm-for-multi-armed-bandits-with-side-information.html:text/html}
}

@article{moreno_dynamics_2004,
	title = {Dynamics of rumor spreading in complex networks},
	volume = {69},
	url = {http://journals.aps.org/pre/abstract/10.1103/PhysRevE.69.066130},
	pages = {066130},
	number = {6},
	journaltitle = {Physical Review E},
	author = {Moreno, Yamir and Nekovee, Maziar and Pacheco, Amalio F.},
	urldate = {2016-08-19},
	date = {2004},
	file = {[PDF] arxiv.org:/Users/benjamin/Zotero/storage/896545AQ/Moreno et al. - 2004 - Dynamics of rumor spreading in complex networks.pdf:application/pdf;Snapshot:/Users/benjamin/Zotero/storage/TFRQS6FK/PhysRevE.69.html:text/html}
}

@inproceedings{karp_randomized_2000,
	title = {Randomized rumor spreading},
	url = {http://ieeexplore.ieee.org/xpls/abs_all.jsp?arnumber=892324},
	pages = {565--574},
	booktitle = {Foundations of Computer Science, 2000. Proceedings. 41st Annual Symposium on},
	publisher = {{IEEE}},
	author = {Karp, Richard and Schindelhauer, Christian and Shenker, Scott and Vocking, Berthold},
	urldate = {2016-08-19},
	date = {2000},
	file = {[PDF] psu.edu:/Users/benjamin/Zotero/storage/EKD5ADAT/Karp et al. - 2000 - Randomized rumor spreading.pdf:application/pdf;Snapshot:/Users/benjamin/Zotero/storage/MK9WDHHK/abs_all.html:text/html}
}

@article{haeupler_simple_2015,
	title = {Simple, fast and deterministic gossip and rumor spreading},
	volume = {62},
	url = {http://dl.acm.org/citation.cfm?id=2767126},
	pages = {47},
	number = {6},
	journaltitle = {Journal of the {ACM} ({JACM})},
	author = {Haeupler, Bernhard},
	urldate = {2016-04-29},
	date = {2015},
	file = {[PDF] from arxiv.org:/Users/benjamin/Zotero/storage/T266EHKN/Haeupler - 2015 - Simple, fast and deterministic gossip and rumor sp.pdf:application/pdf;[PDF] from arxiv.org:/Users/benjamin/Zotero/storage/8TCF7S5D/Haeupler - 2015 - Simple, fast and deterministic gossip and rumor sp.pdf:application/pdf;Snapshot:/Users/benjamin/Zotero/storage/98SUTWXM/citation.html:text/html;Snapshot:/Users/benjamin/Zotero/storage/U99PWTT9/citation.html:text/html}
}

@article{bailis_quantifying_2014,
	title = {Quantifying eventual consistency with {PBS}},
	volume = {23},
	url = {http://link.springer.com/article/10.1007/s00778-013-0330-1},
	pages = {279--302},
	number = {2},
	journaltitle = {The {VLDB} Journal},
	author = {Bailis, Peter and Venkataraman, Shivaram and Franklin, Michael J. and Hellerstein, Joseph M. and Stoica, Ion},
	urldate = {2015-04-07},
	date = {2014},
	file = {[PDF] from bailis.org:/Users/benjamin/Zotero/storage/HK83EDHA/Bailis et al. - 2014 - Quantifying eventual consistency with PBS.pdf:application/pdf;ec-pbs.pdf:/Users/benjamin/Zotero/storage/SJE9D5BW/SJE9D5BW.pdf:application/pdf;Snapshot:/Users/benjamin/Zotero/storage/AKJCUEFB/s00778-013-0330-1.html:text/html;Snapshot:/Users/benjamin/Zotero/storage/662V4BGN/s00778-013-0330-1.html:text/html}
}

@inproceedings{decandia_dynamo:_2007,
	title = {Dynamo: amazon's highly available key-value store},
	volume = {41},
	url = {http://dl.acm.org/citation.cfm?id=1294281},
	shorttitle = {Dynamo},
	pages = {205--220},
	booktitle = {{ACM} {SIGOPS} Operating Systems Review},
	publisher = {{ACM}},
	author = {{DeCandia}, Giuseppe and Hastorun, Deniz and Jampani, Madan and Kakulapati, Gunavardhan and Lakshman, Avinash and Pilchin, Alex and Sivasubramanian, Swaminathan and Vosshall, Peter and Vogels, Werner},
	urldate = {2014-10-15},
	date = {2007},
	file = {[PDF] from harvard.edu:/Users/benjamin/Zotero/storage/EIHW3SC8/DeCandia et al. - 2007 - Dynamo amazon's highly available key-value store.pdf:application/pdf;amazonDynamo.pdf:/Users/benjamin/Zotero/storage/AQH9AZHQ/amazonDynamo.pdf:application/pdf;Snapshot:/Users/benjamin/Zotero/storage/XDPRWZCW/citation.html:text/html;Snapshot:/Users/benjamin/Zotero/storage/5J7C4EBG/citation.html:text/html}
}

@article{luo_efficient_2017,
	title = {Efficient Contextual Bandits in Non-stationary Worlds},
	journaltitle = {{arXiv} preprint {arXiv}:1708.01799},
	author = {Luo, Haipeng and Agarwal, Alekh and Langford, John},
	date = {2017},
	file = {efficientcbandits.pdf:/Users/benjamin/Zotero/storage/S56S8ULY/efficientcbandits.pdf:application/pdf;Snapshot:/Users/benjamin/Zotero/storage/EV5DEWS8/1708.html:text/html}
}

@inproceedings{wada2011data,
  title={Data Consistency Properties and the Trade-offs in Commercial Cloud Storage: the Consumers' Perspective.},
  author={Wada, Hiroshi and Fekete, Alan and Zhao, Liang and Lee, Kevin and Liu, Anna},
  booktitle={CIDR},
  volume={11},
  pages={134--143},
  year={2011}
}
