
@article{kumar_model_2015,
  title = {Model {{Selection Management Systems}}: {{The Next Frontier}} of {{Advanced Analytics}}},
  shorttitle = {Model {{Selection Management Systems}}},
  timestamp = {2016-02-09T14:51:26Z},
  urldate = {2016-02-09},
  journal = {ACM SIGMOD Record},
  author = {Kumar, Arun and McCann, Robert and Naughton, Jeffrey and Patel, Jignesh M.},
  year = {2015}
}

@article{wickham_visualizing_2015,
  title = {Visualizing Statistical Models: {{Removing}} the Blindfold},
  volume = {8},
  shorttitle = {Visualizing Statistical Models},
  timestamp = {2016-09-07T00:14:28Z},
  number = {4},
  urldate = {2015-10-26},
  journal = {Statistical Analysis and Data Mining: The ASA Data Science Journal},
  author = {Wickham, Hadley and Cook, Dianne and Hofmann, Heike},
  year = {2015},
  pages = {203--225}
}

@article{north_toward_2006,
  title = {Toward Measuring Visualization Insight},
  volume = {26},
  timestamp = {2016-09-07T00:14:37Z},
  number = {3},
  urldate = {2015-02-10},
  journal = {Computer Graphics and Applications, IEEE},
  author = {North, Chris},
  year = {2006},
  pages = {6--9}
}

@inproceedings{wilkinson_graph-theoretic_2005,
  title = {Graph-{{Theoretic Scagnostics}}.},
  volume = {5},
  timestamp = {2016-09-07T00:15:08Z},
  urldate = {2015-03-20},
  booktitle = {{{INFOVIS}}},
  author = {Wilkinson, Leland and Anand, Anushka and Grossman, Robert L.},
  year = {2005},
  pages = {21}
}

@inproceedings{fua_hierarchical_1999,
  title = {Hierarchical Parallel Coordinates for Exploration of Large Datasets},
  timestamp = {2016-09-07T00:15:48Z},
  urldate = {2015-10-07},
  booktitle = {Proceedings of the Conference on {{Visualization}}'99: Celebrating Ten Years},
  publisher = {{IEEE Computer Society Press}},
  author = {Fua, Ying-Huey and Ward, Matthew O. and Rundensteiner, Elke A.},
  year = {1999},
  pages = {43--50}
}

@article{seo_rank-by-feature_2005,
  title = {A Rank-by-Feature Framework for Interactive Exploration of Multidimensional Data},
  volume = {4},
  timestamp = {2016-09-07T00:16:17Z},
  number = {2},
  urldate = {2015-03-09},
  journal = {Information Visualization},
  author = {Seo, Jinwook and Shneiderman, Ben},
  year = {2005},
  pages = {96--113}
}

@inproceedings{hoffman_dna_1997,
  title = {{{DNA}} Visual and Analytic Data Mining},
  timestamp = {2016-09-07T00:35:58Z},
  urldate = {2016-09-07},
  booktitle = {Visualization'97., {{Proceedings}}},
  publisher = {{IEEE}},
  author = {Hoffman, Patrick and Grinstein, Georges and Marx, Kenneth and Grosse, Ivo and Stanley, Eugene},
  year = {1997},
  pages = {437--441}
}

@inproceedings{hoffman_dimensional_1999,
  title = {Dimensional Anchors: A Graphic Primitive for Multidimensional Multivariate Information Visualizations},
  shorttitle = {Dimensional Anchors},
  timestamp = {2016-09-07T00:36:32Z},
  urldate = {2016-09-07},
  booktitle = {Proceedings of the 1999 Workshop on New Paradigms in Information Visualization and Manipulation in Conjunction with the Eighth {{ACM}} Internation Conference on {{Information}} and Knowledge Management},
  publisher = {{ACM}},
  author = {Hoffman, Patrick and Grinstein, Georges and Pinkney, David},
  year = {1999},
  pages = {9--16}
}

@book{hoffman_survey_2001,
  title = {A Survey of Visualizations for High-Dimensional Data Mining},
  timestamp = {2016-10-05T14:34:50Z},
  booktitle = {Information Visualization in Data Mining and Knowledge Discovery},
  publisher = {Morgan Kaufmann Publishers, Inc},
  author = {Hoffman, Patrick E. and Grinstein, Georges G.},
  year = {2001},
  pages = {47--82}
}

@article{buitinck_api_2013,
  title = {{{API}} Design for Machine Learning Software: Experiences from the Scikit-Learn Project},
  shorttitle = {{{API}} Design for Machine Learning Software},
  timestamp = {2016-09-07T18:53:42Z},
  urldate = {2015-03-18},
  journal = {arXiv preprint arXiv:1309.0238},
  author = {Buitinck, Lars and Louppe, Gilles and Blondel, Mathieu and Pedregosa, Fabian and Mueller, Andreas and Grisel, Olivier and Niculae, Vlad and Prettenhofer, Peter and Gramfort, Alexandre and Grobler, Jaques and {others}},
  year = {2013}
}

@article{pedregosa_scikit-learn:_2011,
  title = {Scikit-Learn: {{Machine}} Learning in {{Python}}},
  volume = {12},
  shorttitle = {Scikit-Learn},
  timestamp = {2016-09-07T18:53:42Z},
  urldate = {2015-03-18},
  journal = {The Journal of Machine Learning Research},
  author = {Pedregosa, Fabian and Varoquaux, Ga{\"e}l and Gramfort, Alexandre and Michel, Vincent and Thirion, Bertrand and Grisel, Olivier and Blondel, Mathieu and Prettenhofer, Peter and Weiss, Ron and Dubourg, Vincent and {others}},
  year = {2011},
  pages = {2825--2830}
}

@inproceedings{kapoor_interactive_2010,
  title = {Interactive Optimization for Steering Machine Classification},
  timestamp = {2016-09-07T19:17:17Z},
  urldate = {2016-09-07},
  booktitle = {Proceedings of the {{SIGCHI Conference}} on {{Human Factors}} in {{Computing Systems}}},
  publisher = {{ACM}},
  author = {Kapoor, Ashish and Lee, Bongshin and Tan, Desney and Horvitz, Eric},
  year = {2010},
  pages = {1343--1352}
}

@inproceedings{ankerst_visual_1999,
  title = {Visual Classification: An Interactive Approach to Decision Tree Construction},
  shorttitle = {Visual Classification},
  timestamp = {2016-09-07T19:28:37Z},
  urldate = {2016-09-07},
  booktitle = {Proceedings of the Fifth {{ACM SIGKDD}} International Conference on {{Knowledge}} Discovery and Data Mining},
  publisher = {{ACM}},
  author = {Ankerst, Mihael and Elsen, Christian and Ester, Martin and Kriegel, Hans-Peter},
  year = {1999},
  pages = {392--396}
}

@article{becker_visualizing_2001,
  title = {Visualizing the Simple {{Bayesian}} Classifier},
  volume = {18},
  timestamp = {2016-09-07T19:31:34Z},
  urldate = {2016-09-07},
  journal = {Information visualization in data mining and knowledge discovery},
  author = {Becker, Barry and Kohavi, Ron and Sommerfield, Dan},
  year = {2001},
  pages = {237--249}
}

@article{ware_interactive_2001,
  title = {Interactive Machine Learning: Letting Users Build Classifiers},
  volume = {55},
  shorttitle = {Interactive Machine Learning},
  timestamp = {2016-09-07T19:38:12Z},
  number = {3},
  urldate = {2016-09-07},
  journal = {International Journal of Human-Computer Studies},
  author = {Ware, Malcolm and Frank, Eibe and Holmes, Geoffrey and Hall, Mark and Witten, Ian H.},
  year = {2001},
  pages = {281--292}
}

@inproceedings{bergstra_algorithms_2011,
  title = {Algorithms for Hyper-Parameter Optimization},
  timestamp = {2016-09-07T20:02:59Z},
  urldate = {2016-09-07},
  booktitle = {Advances in {{Neural Information Processing Systems}}},
  author = {Bergstra, James S. and Bardenet, R{\'e}mi and Bengio, Yoshua and K{\'e}gl, Bal{\'a}zs},
  year = {2011},
  pages = {2546--2554}
}

@article{hanley_meaning_1982,
  title = {The Meaning and Use of the Area under a Receiver Operating Characteristic ({{ROC}}) Curve.},
  volume = {143},
  timestamp = {2016-09-07T20:06:05Z},
  number = {1},
  urldate = {2016-09-07},
  journal = {Radiology},
  author = {Hanley, James A. and McNeil, Barbara J.},
  year = {1982},
  pages = {29--36}
}

@article{parker_rank_2001,
  title = {Rank and Response Combination from Confusion Matrix Data},
  volume = {2},
  timestamp = {2016-09-07T20:07:45Z},
  number = {2},
  urldate = {2016-09-07},
  journal = {Information fusion},
  author = {Parker, J. R.},
  year = {2001},
  pages = {113--120}
}

@article{larsen_use_1972,
  title = {The Use of Partial Residual Plots in Regression Analysis},
  volume = {14},
  timestamp = {2016-09-07T20:10:15Z},
  number = {3},
  urldate = {2016-09-07},
  journal = {Technometrics},
  author = {Larsen, Wayne A. and McCleary, Susan J.},
  year = {1972},
  pages = {781--790}
}

@inproceedings{gu_falcon:_1995,
  title = {Falcon: {{On}}-Line Monitoring and Steering of Large-Scale Parallel Programs},
  shorttitle = {Falcon},
  timestamp = {2016-09-07T20:15:13Z},
  urldate = {2015-10-29},
  booktitle = {Frontiers of {{Massively Parallel Computation}}, 1995. {{Proceedings}}. {{Frontiers}}' 95., {{Fifth Symposium}} on the},
  publisher = {{IEEE}},
  author = {Gu, Weiming and Eisenhauer, Greg and Kraemer, Eileen and Schwan, Karsten and Stasko, John and Vetter, Jeffrey and Mallavarupu, Nirupama},
  year = {1995},
  pages = {422--429}
}

@article{hollingsworth_end--end_2010,
  title = {End-to-End {{Auto}}-Tuning with {{Active Harmony}}},
  timestamp = {2016-09-07T20:16:16Z},
  journal = {Bailey, DH, Lucas, RF, Williams, SW eds},
  author = {Hollingsworth, J. and Tiwari, A.},
  year = {2010}
}

@book{dutoit_1986,
  title = {Visual Representation of Multivariate Data},
  booktitle = {Graphical Exploratory Data Analysis},
  timestamp = {2016-10-05T10:52:09Z},
  publisher = {{Springer}},
  author = {du Toit, S. H. C. and  Steyn, A. G. W. and Stumpf, R. H.},
  year = {1986},
  pages = {54--72}
}

@article{garcia_curves_2005,
  title = {Visualization of High-Dimensional Data via Orthogonal Curves},
  timestamp = {2016-10-05T15:43:54Z},
  journal = {Journal of Universal Computer Science},
  volume = {11},
  number = {11},
  author = {García-osorio, César and Fyfe, Colin},
  year = {2005},
  pages = {1806--1819}
}

@article{silhouettes_1987,
  title = {Silhouettes: A Graphical Aid to the Interpretation and Validation of Cluster Analysis},
  timestamp = {2016-10-05T15:43:54Z},
  journal = {Journal of Computational and Applied Mathematics},
  volume = {20},
  author = {Rousseeuw, Peter J.},
  year = {1987},
  pages = {53–-65}
}

@article{gabriel_pcaviz_1971,
  title = {The Biplot Graphic Display of Matrices with Application to Principal Component Analysis},
  timestamp = {2016-10-05T15:43:54Z},
  journal = {Biometrika},
  volume = {58},
  author = {Gabriel, K. R.},
  year = {1971},
  pages = {453--467}
}

@article{zhang_svdviz_2007,
author = {Zhang, Lingsong and Marron, J. S and Shen, Haipeng and Zhu, Zhengyuan},
title = {Singular Value Decomposition and Its Visualization},
journal = {Journal of Computational and Graphical Statistics},
volume = {16},
number = {4},
pages = {833--854},
year = {2007}
}
