
@incollection{li_efficient_2013,
  title = {Efficient batched synchronization in dropbox-like cloud storage services},
  timestamp = {2016-04-27T19:46:53Z},
  urldate = {2016-04-27},
  booktitle = {Middleware 2013},
  publisher = {{Springer}},
  author = {Li, Zhenhua and Wilson, Christo and Jiang, Zhefu and Liu, Yao and Zhao, Ben Y. and Jin, Cheng and Zhang, Zhi-Li and Dai, Yafei},
  year = {2013},
  pages = {307--327},
  file = {Snapshot:/Users/benjamin/Library/Application Support/Zotero/Profiles/i8zmk51x.default/zotero/storage/G9A7VHEI/978-3-642-45065-5_16.html:;[PDF] from neu.edu:/Users/benjamin/Library/Application Support/Zotero/Profiles/i8zmk51x.default/zotero/storage/NNDDH7JR/Li et al. - 2013 - Efficient batched synchronization in dropbox-like .pdf:application/pdf}
}

@inproceedings{drago_inside_2012,
  title = {Inside dropbox: understanding personal cloud storage services},
  shorttitle = {Inside dropbox},
  timestamp = {2016-04-27T20:10:07Z},
  urldate = {2016-04-27},
  booktitle = {Proceedings of the 2012 {{ACM}} conference on {{Internet}} measurement conference},
  publisher = {{ACM}},
  author = {Drago, Idilio and Mellia, Marco and {M Munafo}, Maurizio and Sperotto, Anna and Sadre, Ramin and Pras, Aiko},
  year = {2012},
  pages = {481--494},
  file = {[PDF] from utwente.nl:/Users/benjamin/Library/Application Support/Zotero/Profiles/i8zmk51x.default/zotero/storage/2PEXBC6J/Drago et al. - 2012 - Inside dropbox understanding personal cloud stora.pdf:application/pdf;Snapshot:/Users/benjamin/Library/Application Support/Zotero/Profiles/i8zmk51x.default/zotero/storage/TZXT9E7C/citation.html:}
}

@article{lamport_time_1978,
  title = {Time, clocks, and the ordering of events in a distributed system},
  volume = {21},
  timestamp = {2016-04-27T14:51:27Z},
  number = {7},
  urldate = {2014-09-23},
  journal = {Communications of the ACM},
  author = {Lamport, Leslie},
  year = {1978},
  pages = {558--565},
  file = {time-clocks.pdf:/Users/benjamin/Library/Application Support/Zotero/Profiles/i8zmk51x.default/zotero/storage/78B6GF2X/time-clocks.pdf:application/pdf;Snapshot:/Users/benjamin/Library/Application Support/Zotero/Profiles/i8zmk51x.default/zotero/storage/UKM49XF2/citation.html:}
}

@article{stoica_chord_2001,
  title = {Chord: {{A}} scalable peer-to-peer lookup service for internet applications},
  volume = {31},
  shorttitle = {Chord},
  timestamp = {2016-04-29T02:35:08Z},
  number = {4},
  urldate = {2014-09-23},
  journal = {ACM SIGCOMM Computer Communication Review},
  author = {Stoica, Ion and Morris, Robert and Karger, David and Kaashoek, M. Frans and Balakrishnan, Hari},
  year = {2001},
  pages = {149--160},
  file = {Snapshot:/Users/benjamin/Library/Application Support/Zotero/Profiles/i8zmk51x.default/zotero/storage/8U6AJD7G/citation.html:;chord_sigcomm.pdf:/Users/benjamin/Library/Application Support/Zotero/Profiles/i8zmk51x.default/zotero/storage/EITB4QE2/chord_sigcomm.pdf:application/pdf;Snapshot:/Users/benjamin/Library/Application Support/Zotero/Profiles/i8zmk51x.default/zotero/storage/EVQ2M2Q3/citation.html:;[PDF] from psu.edu:/Users/benjamin/Library/Application Support/Zotero/Profiles/i8zmk51x.default/zotero/storage/VWGA2P8F/Stoica et al. - 2001 - Chord A scalable peer-to-peer lookup service for .pdf:application/pdf}
}

@article{kubiatowicz_oceanstore_2000,
  title = {Oceanstore: {{An}} architecture for global-scale persistent storage},
  volume = {35},
  shorttitle = {Oceanstore},
  timestamp = {2014-09-23T21:17:00Z},
  number = {11},
  urldate = {2014-09-23},
  journal = {ACM Sigplan Notices},
  author = {Kubiatowicz, John and Bindel, David and Chen, Yan and Czerwinski, Steven and Eaton, Patrick and Geels, Dennis and Gummadi, Ramakrishan and Rhea, Sean and Weatherspoon, Hakim and Weimer, Westley and {others}},
  year = {2000},
  pages = {190--201},
  file = {Snapshot:/Users/benjamin/Library/Application Support/Zotero/Profiles/i8zmk51x.default/zotero/storage/FNRG8IBV/citation.html:;oceanstore-asplos.pdf:/Users/benjamin/Library/Application Support/Zotero/Profiles/i8zmk51x.default/zotero/storage/SA3WZVT9/oceanstore-asplos.pdf:application/pdf}
}

@article{lamport_paxos_2001,
  title = {Paxos made simple},
  volume = {32},
  timestamp = {2016-05-02T18:52:43Z},
  number = {4},
  urldate = {2014-11-03},
  journal = {ACM Sigact News},
  author = {Lamport, Leslie},
  year = {2001},
  pages = {18--25},
  file = {paxosMadeSimple.pdf:/Users/benjamin/Library/Application Support/Zotero/Profiles/i8zmk51x.default/zotero/storage/W6A4KIAI/paxosMadeSimple.pdf:application/pdf}
}

@article{terry_managing_1995,
  title = {Managing update conflicts in {{Bayou}}, a weakly connected replicated storage system},
  volume = {29},
  timestamp = {2014-10-01T19:18:57Z},
  urldate = {2014-10-01},
  journal = {ACM},
  author = {Terry, Douglas B. and Theimer, Marvin M. and Petersen, Karin and Demers, Alan J. and Spreitzer, Mike J. and Hauser, Carl H.},
  year = {1995},
  file = {bayou.pdf:/Users/benjamin/Library/Application Support/Zotero/Profiles/i8zmk51x.default/zotero/storage/855BHFVP/bayou.pdf:application/pdf;Snapshot:/Users/benjamin/Library/Application Support/Zotero/Profiles/i8zmk51x.default/zotero/storage/F2HXDSBX/citation.html:}
}

@inproceedings{terry_session_1994,
  title = {Session guarantees for weakly consistent replicated data},
  timestamp = {2014-10-01T19:19:31Z},
  urldate = {2014-10-01},
  booktitle = {Parallel and {{Distributed Information Systems}}, 1994., {{Proceedings}} of the {{Third International Conference}} on},
  publisher = {{IEEE}},
  author = {Terry, Douglas B. and Demers, Alan J. and Petersen, Karin and Spreitzer, Mike J. and Theimer, Marvin M. and Welch, Brent B.},
  year = {1994},
  pages = {140--149},
  file = {[HTML] from parc.com:/Users/benjamin/Library/Application Support/Zotero/Profiles/i8zmk51x.default/zotero/storage/2BP4AII2/www.parc.com.html:;Snapshot:/Users/benjamin/Library/Application Support/Zotero/Profiles/i8zmk51x.default/zotero/storage/G2RVX28B/cookiedetectresponse.html:;sessionGuarantees.pdf:/Users/benjamin/Library/Application Support/Zotero/Profiles/i8zmk51x.default/zotero/storage/HECFA9XG/sessionGuarantees.pdf:application/pdf}
}

@inproceedings{chandra_paxos_2007,
  title = {Paxos made live: an engineering perspective},
  shorttitle = {Paxos made live},
  timestamp = {2016-05-02T18:52:41Z},
  urldate = {2014-11-03},
  booktitle = {Proceedings of the twenty-sixth annual {{ACM}} symposium on {{Principles}} of distributed computing},
  publisher = {{ACM}},
  author = {Chandra, Tushar D. and Griesemer, Robert and Redstone, Joshua},
  year = {2007},
  pages = {398--407},
  file = {Snapshot:/Users/benjamin/Library/Application Support/Zotero/Profiles/i8zmk51x.default/zotero/storage/GHN8T7NI/citation.html:;paxosMadeLive.pdf:/Users/benjamin/Library/Application Support/Zotero/Profiles/i8zmk51x.default/zotero/storage/VXVIGPGK/paxosMadeLive.pdf:application/pdf}
}

@article{vogels_eventually_2009,
  title = {Eventually consistent},
  volume = {52},
  timestamp = {2016-04-29T00:58:02Z},
  number = {1},
  urldate = {2016-04-29},
  journal = {Communications of the ACM},
  author = {Vogels, Werner},
  year = {2009},
  pages = {40--44},
  file = {[PDF] from psu.edu:/Users/benjamin/Library/Application Support/Zotero/Profiles/i8zmk51x.default/zotero/storage/BCJMUF23/Vogels - 2009 - Eventually consistent.pdf:application/pdf;Snapshot:/Users/benjamin/Library/Application Support/Zotero/Profiles/i8zmk51x.default/zotero/storage/SZVPHTEF/citation.html:}
}

@inproceedings{decandia_dynamo_2007,
  title = {Dynamo: amazon's highly available key-value store},
  volume = {41},
  shorttitle = {Dynamo},
  timestamp = {2016-04-27T14:53:01Z},
  urldate = {2014-10-15},
  booktitle = {{{ACM SIGOPS Operating Systems Review}}},
  publisher = {{ACM}},
  author = {DeCandia, Giuseppe and Hastorun, Deniz and Jampani, Madan and Kakulapati, Gunavardhan and Lakshman, Avinash and Pilchin, Alex and Sivasubramanian, Swaminathan and Vosshall, Peter and Vogels, Werner},
  year = {2007},
  pages = {205--220},
  file = {Snapshot:/Users/benjamin/Library/Application Support/Zotero/Profiles/i8zmk51x.default/zotero/storage/5J7C4EBG/citation.html:;amazonDynamo.pdf:/Users/benjamin/Library/Application Support/Zotero/Profiles/i8zmk51x.default/zotero/storage/AQH9AZHQ/amazonDynamo.pdf:application/pdf;[PDF] from harvard.edu:/Users/benjamin/Library/Application Support/Zotero/Profiles/i8zmk51x.default/zotero/storage/EIHW3SC8/DeCandia et al. - 2007 - Dynamo amazon's highly available key-value store.pdf:application/pdf;Snapshot:/Users/benjamin/Library/Application Support/Zotero/Profiles/i8zmk51x.default/zotero/storage/XDPRWZCW/citation.html:}
}

@inproceedings{glendenning_scalable_2011,
  title = {Scalable consistency in {{Scatter}}},
  timestamp = {2014-10-27T18:03:01Z},
  urldate = {2014-10-27},
  booktitle = {Proceedings of the {{Twenty-Third ACM Symposium}} on {{Operating Systems Principles}}},
  publisher = {{ACM}},
  author = {Glendenning, Lisa and Beschastnikh, Ivan and Krishnamurthy, Arvind and Anderson, Thomas},
  year = {2011},
  pages = {15--28},
  file = {Snapshot:/Users/benjamin/Library/Application Support/Zotero/Profiles/i8zmk51x.default/zotero/storage/QPQTVPPB/citation.html:;scatter.pdf:/Users/benjamin/Library/Application Support/Zotero/Profiles/i8zmk51x.default/zotero/storage/UXXXGWRW/scatter.pdf:application/pdf}
}

@misc{mizerany_etcd_2016,
  title = {etcd: package raft},
  abstract = {Package raft sends and receives messages in the Protocol Buffer format defined in the raftpb package.},
  timestamp = {2016-05-02T18:52:36Z},
  urldate = {2016-04-28},
  publisher = {{CoreOS}},
  author = {Mizerany, Blake and Yicheng, Qin and Xiang, Li},
  month = apr,
  year = {2016},
  file = {Snapshot:/Users/benjamin/Library/Application Support/Zotero/Profiles/i8zmk51x.default/zotero/storage/EZQNP29J/raft.html:}
}

@inproceedings{bailis_bolt-causal_2013,
  title = {Bolt-on causal consistency},
  timestamp = {2014-10-30T13:43:41Z},
  urldate = {2014-10-30},
  booktitle = {Proceedings of the 2013 international conference on {{Management}} of data},
  publisher = {{ACM}},
  author = {Bailis, Peter and Ghodsi, Ali and Hellerstein, Joseph M. and Stoica, Ion},
  year = {2013},
  pages = {761--772},
  file = {Snapshot:/Users/benjamin/Library/Application Support/Zotero/Profiles/i8zmk51x.default/zotero/storage/BDGP7QFW/citation.html:;[PDF] from berkeley.edu:/Users/benjamin/Library/Application Support/Zotero/Profiles/i8zmk51x.default/zotero/storage/NSZR8UTW/Bailis et al. - 2013 - Bolt-on causal consistency.pdf:application/pdf}
}

@inproceedings{lloyd_dont_2011,
  title = {Don't settle for eventual: scalable causal consistency for wide-area storage with {{COPS}}},
  shorttitle = {Don't settle for eventual},
  timestamp = {2014-11-06T15:44:10Z},
  urldate = {2014-11-06},
  booktitle = {Proceedings of the {{Twenty-Third ACM Symposium}} on {{Operating Systems Principles}}},
  publisher = {{ACM}},
  author = {Lloyd, Wyatt and Freedman, Michael J. and Kaminsky, Michael and Andersen, David G.},
  year = {2011},
  pages = {401--416},
  file = {cops-sosp11.pdf:/Users/benjamin/Library/Application Support/Zotero/Profiles/i8zmk51x.default/zotero/storage/MFVZE5AA/cops-sosp11.pdf:application/pdf;Snapshot:/Users/benjamin/Library/Application Support/Zotero/Profiles/i8zmk51x.default/zotero/storage/P352X5A8/citation.html:}
}

@article{corbett_spanner_2013,
  title = {Spanner: {{Google}}'s globally distributed database},
  volume = {31},
  shorttitle = {Spanner},
  timestamp = {2014-11-06T15:45:01Z},
  number = {3},
  urldate = {2014-11-06},
  journal = {ACM Transactions on Computer Systems (TOCS)},
  author = {Corbett, James C. and Dean, Jeffrey and Epstein, Michael and Fikes, Andrew and Frost, Christopher and Furman, J. J. and Ghemawat, Sanjay and Gubarev, Andrey and Heiser, Christopher and Hochschild, Peter and {others}},
  year = {2013},
  pages = {8},
  file = {Snapshot:/Users/benjamin/Library/Application Support/Zotero/Profiles/i8zmk51x.default/zotero/storage/ESR9NREA/citation.html:;spanner-osdi2012.pdf:/Users/benjamin/Library/Application Support/Zotero/Profiles/i8zmk51x.default/zotero/storage/TEZW78D5/spanner-osdi2012.pdf:application/pdf}
}

@incollection{shapiro_conflict-free_2011,
  title = {Conflict-free replicated data types},
  timestamp = {2016-04-29T01:25:47Z},
  urldate = {2016-04-29},
  booktitle = {Stabilization, {{Safety}}, and {{Security}} of {{Distributed Systems}}},
  publisher = {{Springer}},
  author = {Shapiro, Marc and Pregui{\c c}a, Nuno and Baquero, Carlos and Zawirski, Marek},
  year = {2011},
  pages = {386--400},
  file = {Snapshot:/Users/benjamin/Library/Application Support/Zotero/Profiles/i8zmk51x.default/zotero/storage/IRJEJG2Z/10.html:;[PDF] from inria.fr:/Users/benjamin/Library/Application Support/Zotero/Profiles/i8zmk51x.default/zotero/storage/N2DXG3CV/Shapiro et al. - 2011 - Conflict-free replicated data types.pdf:application/pdf}
}

@article{lakshman_cassandra_2010,
  title = {Cassandra: a decentralized structured storage system},
  volume = {44},
  shorttitle = {Cassandra},
  timestamp = {2016-04-29T01:37:26Z},
  number = {2},
  urldate = {2016-04-29},
  journal = {ACM SIGOPS Operating Systems Review},
  author = {Lakshman, Avinash and Malik, Prashant},
  year = {2010},
  pages = {35--40},
  file = {[PDF] from cam.ac.uk:/Users/benjamin/Library/Application Support/Zotero/Profiles/i8zmk51x.default/zotero/storage/DHCHP4CF/Lakshman and Malik - 2010 - Cassandra a decentralized structured storage syst.pdf:application/pdf;Snapshot:/Users/benjamin/Library/Application Support/Zotero/Profiles/i8zmk51x.default/zotero/storage/IRCWVWA9/citation.html:}
}

@inproceedings{feinberg2011project,
  title = {Project voldemort: reliable distributed storage},
  timestamp = {2016-04-29T01:39:15Z},
  booktitle = {Proceedings of the 10th {{IEEE International Conference}} on {{Data Engineering}}},
  author = {Feinberg, Alex},
  year = {2011}
}

@inproceedings{demers_epidemic_1987,
  title = {Epidemic algorithms for replicated database maintenance},
  timestamp = {2016-04-29T01:43:29Z},
  urldate = {2016-04-29},
  booktitle = {Proceedings of the sixth annual {{ACM Symposium}} on {{Principles}} of distributed computing},
  publisher = {{ACM}},
  author = {Demers, Alan and Greene, Dan and Hauser, Carl and Irish, Wes and Larson, John and Shenker, Scott and Sturgis, Howard and Swinehart, Dan and Terry, Doug},
  year = {1987},
  pages = {1--12},
  file = {Snapshot:/Users/benjamin/Library/Application Support/Zotero/Profiles/i8zmk51x.default/zotero/storage/4WPFHMPQ/citation.html:}
}

@article{haeupler_simple_2015,
  title = {Simple, fast and deterministic gossip and rumor spreading},
  volume = {62},
  timestamp = {2016-04-29T01:51:24Z},
  number = {6},
  urldate = {2016-04-29},
  journal = {Journal of the ACM (JACM)},
  author = {Haeupler, Bernhard},
  year = {2015},
  pages = {47},
  file = {[PDF] from arxiv.org:/Users/benjamin/Library/Application Support/Zotero/Profiles/i8zmk51x.default/zotero/storage/8TCF7S5D/Haeupler - 2015 - Simple, fast and deterministic gossip and rumor sp.pdf:application/pdf;Snapshot:/Users/benjamin/Library/Application Support/Zotero/Profiles/i8zmk51x.default/zotero/storage/U99PWTT9/citation.html:}
}

@inproceedings{gray_dangers_1996,
  title = {The dangers of replication and a solution},
  volume = {25},
  timestamp = {2016-04-27T14:53:03Z},
  urldate = {2015-04-07},
  booktitle = {{{ACM SIGMOD Record}}},
  publisher = {{ACM}},
  author = {Gray, Jim and Helland, Pat and O'Neil, Patrick and Shasha, Dennis},
  year = {1996},
  pages = {173--182},
  file = {[PDF] from googlecode.com:/Users/benjamin/Library/Application Support/Zotero/Profiles/i8zmk51x.default/zotero/storage/3FKXD6NN/Gray et al. - 1996 - The dangers of replication and a solution.pdf:application/pdf;replicas.pdf:/Users/benjamin/Library/Application Support/Zotero/Profiles/i8zmk51x.default/zotero/storage/7K6KBZ6I/replicas.pdf:application/pdf;Snapshot:/Users/benjamin/Library/Application Support/Zotero/Profiles/i8zmk51x.default/zotero/storage/HV6DK48X/citation.html:;Snapshot:/Users/benjamin/Library/Application Support/Zotero/Profiles/i8zmk51x.default/zotero/storage/I2CVG87K/citation.html:}
}

@article{bailis_quantifying_2014,
  title = {Quantifying eventual consistency with {{PBS}}},
  volume = {23},
  timestamp = {2016-04-27T14:53:04Z},
  number = {2},
  urldate = {2015-04-07},
  journal = {The VLDB Journal},
  author = {Bailis, Peter and Venkataraman, Shivaram and Franklin, Michael J. and Hellerstein, Joseph M. and Stoica, Ion},
  year = {2014},
  pages = {279--302},
  file = {Snapshot:/Users/benjamin/Library/Application Support/Zotero/Profiles/i8zmk51x.default/zotero/storage/662V4BGN/s00778-013-0330-1.html:;Snapshot:/Users/benjamin/Library/Application Support/Zotero/Profiles/i8zmk51x.default/zotero/storage/AKJCUEFB/s00778-013-0330-1.html:;[PDF] from bailis.org:/Users/benjamin/Library/Application Support/Zotero/Profiles/i8zmk51x.default/zotero/storage/HK83EDHA/Bailis et al. - 2014 - Quantifying eventual consistency with PBS.pdf:application/pdf;ec-pbs.pdf:/Users/benjamin/Library/Application Support/Zotero/Profiles/i8zmk51x.default/zotero/storage/SJE9D5BW/SJE9D5BW.pdf:application/pdf}
}

@incollection{aiyer_availability_2005,
  title = {On the availability of non-strict quorum systems},
  timestamp = {2016-04-29T02:07:55Z},
  urldate = {2016-04-29},
  booktitle = {Distributed {{Computing}}},
  publisher = {{Springer}},
  author = {Aiyer, Amitanand and Alvisi, Lorenzo and Bazzi, Rida A.},
  year = {2005},
  pages = {48--62},
  file = {Snapshot:/Users/benjamin/Library/Application Support/Zotero/Profiles/i8zmk51x.default/zotero/storage/SFE232KM/11561927_6.html:}
}

@article{attiya_sequential_1994,
  title = {Sequential consistency versus linearizability},
  volume = {12},
  timestamp = {2016-04-29T02:37:24Z},
  number = {2},
  urldate = {2016-04-29},
  journal = {ACM Transactions on Computer Systems (TOCS)},
  author = {Attiya, Hagit and Welch, Jennifer L.},
  year = {1994},
  pages = {91--122},
  file = {[PDF] from mit.edu:/Users/benjamin/Library/Application Support/Zotero/Profiles/i8zmk51x.default/zotero/storage/KZ7PC3NF/Attiya and Welch - 1994 - Sequential consistency versus linearizability.pdf:application/pdf;Snapshot:/Users/benjamin/Library/Application Support/Zotero/Profiles/i8zmk51x.default/zotero/storage/SMKM3QIW/citation.html:}
}

@inproceedings{kraska_mdcc_2013,
  title = {{{MDCC}}: {{Multi}}-data center consistency},
  shorttitle = {{{MDCC}}},
  timestamp = {2016-05-01T17:31:44Z},
  urldate = {2016-05-01},
  booktitle = {Proceedings of the 8th {{ACM European Conference}} on {{Computer Systems}}},
  publisher = {{ACM}},
  author = {Kraska, Tim and Pang, Gene and Franklin, Michael J. and Madden, Samuel and Fekete, Alan},
  year = {2013},
  pages = {113--126},
  file = {Snapshot:/Users/benjamin/Library/Application Support/Zotero/Profiles/i8zmk51x.default/zotero/storage/F3EPXCSU/citation.html:;mdcc.pdf:/Users/benjamin/Library/Application Support/Zotero/Profiles/i8zmk51x.default/zotero/storage/I2CVANFX/I2CVANFX.pdf:application/pdf}
}

@article{helland_immutability_2015,
  title = {Immutability changes everything},
  volume = {13},
  timestamp = {2016-04-27T15:47:15Z},
  number = {9},
  urldate = {2016-03-07},
  journal = {Queue},
  author = {Helland, Pat},
  year = {2015},
  pages = {40},
  file = {Snapshot:/Users/benjamin/Library/Application Support/Zotero/Profiles/i8zmk51x.default/zotero/storage/4ASEZGFR/citation.html:;Immutability Changes Everything.pdf:/Users/benjamin/Library/Application Support/Zotero/Profiles/i8zmk51x.default/zotero/storage/V6KJNNEZ/Immutability Changes Everything.pdf:application/pdf}
}

@inproceedings{bailis_potential_2012,
  title = {The potential dangers of causal consistency and an explicit solution},
  timestamp = {2016-02-12T17:07:42Z},
  urldate = {2016-02-12},
  booktitle = {Proceedings of the {{Third ACM Symposium}} on {{Cloud Computing}}},
  publisher = {{ACM}},
  author = {Bailis, Peter and Fekete, Alan and Ghodsi, Ali and Hellerstein, Joseph M. and Stoica, Ion},
  year = {2012},
  pages = {22},
  file = {[PDF] from kelehers.me:/Users/benjamin/Library/Application Support/Zotero/Profiles/i8zmk51x.default/zotero/storage/EPIUBHBP/EPIUBHBP.pdf:application/pdf;Snapshot:/Users/benjamin/Library/Application Support/Zotero/Profiles/i8zmk51x.default/zotero/storage/JU2V4PV4/citation.html:}
}

@inproceedings{bermbach_eventual_2011,
  title = {Eventual consistency: {{How}} soon is eventual? {{An}} evaluation of {{Amazon S3}}'s consistency behavior},
  shorttitle = {Eventual consistency},
  timestamp = {2016-02-12T17:10:36Z},
  urldate = {2016-02-12},
  booktitle = {Proceedings of the 6th {{Workshop}} on {{Middleware}} for {{Service Oriented Computing}}},
  publisher = {{ACM}},
  author = {Bermbach, David and Tai, Stefan},
  year = {2011},
  pages = {1},
  file = {[PDF] from researchgate.net:/Users/benjamin/Library/Application Support/Zotero/Profiles/i8zmk51x.default/zotero/storage/HAUQIC3B/HAUQIC3B.pdf:application/pdf;Snapshot:/Users/benjamin/Library/Application Support/Zotero/Profiles/i8zmk51x.default/zotero/storage/IS7TJ2G9/citation.html:}
}

@inproceedings{ongaro_search_2014,
  title = {In search of an understandable consensus algorithm},
  timestamp = {2016-05-02T18:51:57Z},
  urldate = {2016-05-01},
  booktitle = {2014 {{USENIX Annual Technical Conference}} ({{USENIX ATC}} 14)},
  author = {Ongaro, Diego and Ousterhout, John},
  year = {2014},
  pages = {305--319},
  file = {Snapshot:/Users/benjamin/Library/Application Support/Zotero/Profiles/i8zmk51x.default/zotero/storage/KSZZBIN9/ongaro.html:;raft.pdf:/Users/benjamin/Library/Application Support/Zotero/Profiles/i8zmk51x.default/zotero/storage/WFQ5VNT6/raft.pdf:application/pdf}
}

@article{bailis_probabilistically_2012,
  title = {Probabilistically bounded staleness for practical partial quorums},
  volume = {5},
  timestamp = {2016-01-04T19:48:40Z},
  number = {8},
  urldate = {2016-01-04},
  journal = {Proceedings of the VLDB Endowment},
  author = {Bailis, Peter and Venkataraman, Shivaram and Franklin, Michael J. and Hellerstein, Joseph M. and Stoica, Ion},
  year = {2012},
  pages = {776--787},
  file = {[PDF] from arxiv.org:/Users/benjamin/Library/Application Support/Zotero/Profiles/i8zmk51x.default/zotero/storage/HZCTDXV8/Bailis et al. - 2012 - Probabilistically bounded staleness for practical .pdf:application/pdf;Snapshot:/Users/benjamin/Library/Application Support/Zotero/Profiles/i8zmk51x.default/zotero/storage/MNX52TTT/citation.html:}
}

@article{liu_warranties_2014,
  title = {Warranties for faster strong consistency},
  timestamp = {2016-05-02T18:52:04Z},
  urldate = {2016-01-08},
  journal = {Proc. of the 11th USENIX NSDI},
  author = {Liu, Jed and Magrino, Tom and Arden, Owen and George, Michael D. and Myers, Andrew C.},
  year = {2014},
  file = {[PDF] from usenix.org:/Users/benjamin/Library/Application Support/Zotero/Profiles/i8zmk51x.default/zotero/storage/G96QJCPZ/Liu et al. - 2014 - Warranties for faster strong consistency.pdf:application/pdf}
}

@article{mazieres_stellar_2015,
  title = {The stellar consensus protocol: {{A}} federated model for internet-level consensus},
  shorttitle = {The stellar consensus protocol},
  timestamp = {2016-05-02T18:51:53Z},
  urldate = {2016-02-04},
  journal = {Draft, Stellar Development Foundation, 15th May, available at: https://www. stellar. org/papers/stellarconsensus-protocol. pdf (accessed 23rd May, 2015)},
  author = {Mazieres, David},
  year = {2015},
  file = {stellar-consensus-protocol.pdf:/Users/benjamin/Library/Application Support/Zotero/Profiles/i8zmk51x.default/zotero/storage/B3ERKJHX/stellar-consensus-protocol.pdf:application/pdf}
}

@article{schwarz_detecting_1994,
  title = {Detecting causal relationships in distributed computations: {{In}} search of the holy grail},
  volume = {7},
  shorttitle = {Detecting causal relationships in distributed computations},
  timestamp = {2016-05-27T09:30:58Z},
  number = {3},
  urldate = {2016-05-27},
  journal = {Distributed computing},
  author = {Schwarz, Reinhard and Mattern, Friedemann},
  year = {1994},
  pages = {149--174},
  file = {Snapshot:/Users/benjamin/Library/Application Support/Zotero/Profiles/i8zmk51x.default/zotero/storage/HFR8H2VQ/BF02277859.html:;[PDF] from d-nb.info:/Users/benjamin/Library/Application Support/Zotero/Profiles/i8zmk51x.default/zotero/storage/ITAIEU84/Schwarz and Mattern - 1994 - Detecting causal relationships in distributed comp.pdf:application/pdf}
}

@inproceedings{moraru_there_2013,
  title = {There is more consensus in egalitarian parliaments},
  timestamp = {2016-05-02T18:51:51Z},
  urldate = {2016-04-27},
  booktitle = {Proceedings of the {{Twenty-Fourth ACM Symposium}} on {{Operating Systems Principles}}},
  publisher = {{ACM}},
  author = {Moraru, Iulian and Andersen, David G. and Kaminsky, Michael},
  year = {2013},
  pages = {358--372},
  file = {Snapshot:/Users/benjamin/Library/Application Support/Zotero/Profiles/i8zmk51x.default/zotero/storage/4BR6WIEA/citation.html:;[PDF] from cmu.edu:/Users/benjamin/Library/Application Support/Zotero/Profiles/i8zmk51x.default/zotero/storage/DB5FRJUT/DB5FRJUT.pdf:application/pdf}
}

@inproceedings{moraru_egalitarian_2012,
  title = {Egalitarian paxos},
  timestamp = {2016-05-02T18:51:49Z},
  urldate = {2016-04-27},
  booktitle = {{{ACM Symposium}} on {{Operating Systems Principles}}},
  author = {Moraru, Iulian and Andersen, David G. and Kaminsky, Michael},
  year = {2012},
  file = {[PDF] from usenix.org:/Users/benjamin/Library/Application Support/Zotero/Profiles/i8zmk51x.default/zotero/storage/KNU6GNM5/Moraru et al. - 2012 - Egalitarian paxos.pdf:application/pdf}
}

@article{lamport_fast_2006,
  title = {Fast paxos},
  volume = {19},
  timestamp = {2016-05-02T18:51:50Z},
  number = {2},
  urldate = {2016-04-27},
  journal = {Distributed Computing},
  author = {Lamport, Leslie},
  year = {2006},
  pages = {79--103},
  file = {Snapshot:/Users/benjamin/Library/Application Support/Zotero/Profiles/i8zmk51x.default/zotero/storage/3X7TM9XF/s00446-006-0005-x.html:;[PDF] from microsoft.com:/Users/benjamin/Library/Application Support/Zotero/Profiles/i8zmk51x.default/zotero/storage/RFER345B/Lamport - 2006 - Fast paxos.pdf:application/pdf}
}

@article{howard_raft_2015,
  title = {Raft refloated: do we have consensus?},
  volume = {49},
  shorttitle = {Raft refloated},
  timestamp = {2016-05-02T18:51:38Z},
  number = {1},
  urldate = {2016-04-27},
  journal = {ACM SIGOPS Operating Systems Review},
  author = {Howard, Heidi and Schwarzkopf, Malte and Madhavapeddy, Anil and Crowcroft, Jon},
  year = {2015},
  pages = {12--21},
  file = {[PDF] from cam.ac.uk:/Users/benjamin/Library/Application Support/Zotero/Profiles/i8zmk51x.default/zotero/storage/9MU3AMIE/9MU3AMIE.pdf:application/pdf;Snapshot:/Users/benjamin/Library/Application Support/Zotero/Profiles/i8zmk51x.default/zotero/storage/XVH7AZ2V/citation.html:}
}

@article{herlihy_linearizability_1990,
  title = {Linearizability: {{A}} correctness condition for concurrent objects},
  volume = {12},
  shorttitle = {Linearizability},
  timestamp = {2016-04-29T02:35:09Z},
  number = {3},
  urldate = {2016-04-27},
  journal = {ACM Transactions on Programming Languages and Systems (TOPLAS)},
  author = {Herlihy, Maurice P. and Wing, Jeannette M.},
  year = {1990},
  pages = {463--492},
  file = {Snapshot:/Users/benjamin/Library/Application Support/Zotero/Profiles/i8zmk51x.default/zotero/storage/P59MG35M/citation.html:;[PDF] from ic.ac.uk:/Users/benjamin/Library/Application Support/Zotero/Profiles/i8zmk51x.default/zotero/storage/U5GJKTM5/Herlihy and Wing - 1990 - Linearizability A correctness condition for concu.pdf:application/pdf}
}

@incollection{lampson_how_1996-1,
  title = {How to build a highly available system using consensus},
  timestamp = {2016-05-27T11:29:05Z},
  urldate = {2016-05-27},
  booktitle = {Distributed {{Algorithms}}},
  publisher = {{Springer}},
  author = {Lampson, Butler W.},
  year = {1996},
  pages = {1--17},
  file = {[HTML] from microsoft.com:/Users/benjamin/Library/Application Support/Zotero/Profiles/i8zmk51x.default/zotero/storage/EPXGP76I/webpage.html:;Snapshot:/Users/benjamin/Library/Application Support/Zotero/Profiles/i8zmk51x.default/zotero/storage/GIQ6Z4U5/3-540-61769-8_1.html:}
}

@article{ahamad_causal_1990,
  title = {Causal memory: {{Definitions}}, implementation and programming},
  volume = {1},
  shorttitle = {Causal memory},
  timestamp = {2016-04-27T16:05:31Z},
  urldate = {2016-04-27},
  journal = {IEEE Transactions on Parallel and Distributed Systems},
  author = {Ahamad, Mustaque and Neiger, Gil and Kohli, Prince and Burns, James and Hutto, Phil and Anderson, T. E.},
  year = {1990},
  pages = {6--16}
}

@article{lamport_reconfiguring_2010,
  title = {Reconfiguring a state machine},
  volume = {41},
  timestamp = {2016-05-03T13:23:24Z},
  number = {1},
  urldate = {2016-05-03},
  journal = {ACM SIGACT News},
  author = {Lamport, Leslie and Malkhi, Dahlia and Zhou, Lidong},
  year = {2010},
  pages = {63--73},
  file = {[PDF] from msr-waypoint.com:/Users/benjamin/Library/Application Support/Zotero/Profiles/i8zmk51x.default/zotero/storage/S6GQ8C26/Lamport et al. - 2010 - Reconfiguring a state machine.pdf:application/pdf;Snapshot:/Users/benjamin/Library/Application Support/Zotero/Profiles/i8zmk51x.default/zotero/storage/XJUEZI7R/citation.html:}
}


