@inproceedings{klerx2014model,
  title={Model-based Anomaly Detection for Discrete Event Systems},
  author={Klerx, Timo and Anderka, Maik and Buning, Hans Kleine and Priesterjahn, Steffen},
  booktitle={Tools with Artificial Intelligence (ICTAI), 2014 IEEE 26th International Conference on},
  pages={665--672},
  year={2014},
  organization={IEEE}
}

@misc{zeigler2004discrete,
  title={Discrete event abstraction: An emerging paradigm for modeling complex adaptive systems},
  author={Zeigler, Bernard P},
  year={2004}
}

@inproceedings{toshniwal2014storm,
  title={Storm@ twitter},
  author={Toshniwal, Ankit and Taneja, Siddarth and Shukla, Amit and Ramasamy, Karthik and Patel, Jignesh M and Kulkarni, Sanjeev and Jackson, Jason and Gade, Krishna and Fu, Maosong and Donham, Jake and others},
  booktitle={Proceedings of the 2014 ACM SIGMOD international conference on Management of data},
  pages={147--156},
  year={2014},
  organization={ACM}
}

@inproceedings{kulkarni2015twitter,
  title={Twitter Heron: Stream Processing at Scale},
  author={Kulkarni, Sanjeev and Bhagat, Nikunj and Fu, Masong and Kedigehalli, Vikas and Kellogg, Christopher and Mittal, Sailesh and Patel, Jignesh M and Ramasamy, Karthik and Taneja, Siddarth},
  booktitle={Proceedings of the 2015 ACM SIGMOD International Conference on Management of Data},
  pages={239--250},
  year={2015},
  organization={ACM}
}

@inproceedings{zaharia2012discretized,
  title={Discretized streams: an efficient and fault-tolerant model for stream processing on large clusters},
  author={Zaharia, Matei and Das, Tathagata and Li, Haoyuan and Shenker, Scott and Stoica, Ion},
  booktitle={Proceedings of the 4th USENIX conference on Hot Topics in Cloud Ccomputing},
  pages={10--10},
  year={2012},
  organization={USENIX Association}
}

@inproceedings{murray2013naiad,
  title={Naiad: a timely dataflow system},
  author={Murray, Derek G and McSherry, Frank and Isaacs, Rebecca and Isard, Michael and Barham, Paul and Abadi, Mart{\'\i}n},
  booktitle={Proceedings of the Twenty-Fourth ACM Symposium on Operating Systems Principles},
  pages={439--455},
  year={2013},
  organization={ACM}
}

@article{akidau2015dataflow,
  title={The dataflow model: a practical approach to balancing correctness, latency, and cost in massive-scale, unbounded, out-of-order data processing},
  author={Akidau, Tyler and Bradshaw, Robert and Chambers, Craig and Chernyak, Slava and Fern{\'a}ndez-Moctezuma, Rafael J and Lax, Reuven and McVeety, Sam and Mills, Daniel and Perry, Frances and Schmidt, Eric and others},
  journal={Proceedings of the VLDB Endowment},
  volume={8},
  number={12},
  pages={1792--1803},
  year={2015},
  publisher={VLDB Endowment}
}
