
@techreport{_employment_2015,
	type = {News {Release}},
	title = {The {Employment} {Situation} -- {February} 2015},
	url = {http://www.bls.gov/news.release/pdf/empsit.pdf},
	number = {USDL-15-0325},
	urldate = {2015-03-10},
	institution = {Bureau of Labor Statistics, U.S. Department of Labor},
	month = mar,
	pages = {38},
	file = {blsesr-feb2015.pdf:/Users/benjamin/Library/Application Support/Zotero/Profiles/i8zmk51x.default/zotero/storage/AJCN4PQ9/blsesr-feb2015.pdf:application/pdf}
}

@article{bostock_d3_2011,
	title = {D3 data-driven documents},
	volume = {17},
	number = {12},
	urldate = {2015-03-10},
	journal = {Visualization and Computer Graphics, IEEE Transactions on},
	author = {Bostock, Michael and Ogievetsky, Vadim and Heer, Jeffrey},
	year = {2011},
	pages = {2301--2309},
	file = {[PDF] from psu.edu:/Users/benjamin/Library/Application Support/Zotero/Profiles/i8zmk51x.default/zotero/storage/3MAB532W/Bostock et al. - 2011 - D\$^3\$ data-driven documents.pdf:application/pdf;Snapshot:/Users/benjamin/Library/Application Support/Zotero/Profiles/i8zmk51x.default/zotero/storage/5V97J37N/cookiedetectresponse.html:text/html}
}

@article{few_visualizing_2007,
	title = {Visualizing change: an innovation in time-series analysis},
	shorttitle = {Visualizing change},
	journal = {Visual Business Intelligence Newsletter, White paper SAS},
	author = {Few, Stephen},
	year = {2007},
	file = {visualizing_change.pdf:/Users/benjamin/Library/Application Support/Zotero/Profiles/i8zmk51x.default/zotero/storage/JWNG632H/visualizing_change.pdf:application/pdf}
}

@article{peng_method_2008,
	title = {A method for visualizing multivariate time series data},
	urldate = {2015-03-10},
	journal = {Journal of Statistical},
	author = {Peng, Roger D.},
	year = {2008},
	file = {[PDF] from jstatsoft.org:/Users/benjamin/Library/Application Support/Zotero/Profiles/i8zmk51x.default/zotero/storage/87UKIV7P/Peng - 2008 - A method for visualizing multivariate time series .pdf:application/pdf}
}

@article{ashkenas_how_2014,
	chapter = {The Upshot},
	title = {How the {Recession} {Reshaped} the {Economy}, in 255 {Charts}},
	abstract = {Five years since the end of the Great Recession, the economy has finally regained the nine million jobs it lost. But not all industries recovered equally. Each line  below shows how the number of jobs has changed for a particular industry over the past 10 years. Scroll down to see how the recession reshaped the nation’s job market, industry by industry.},
	urldate = {2015-03-10},
	journal = {The New York Times},
	author = {Ashkenas, Jeremy and Parlapiano, Alicia},
	month = jun,
	year = {2014}
}

@article{leonhardt_how_2014,
	chapter = {The Upshot},
	title = {How {Not} to {Be} {Misled} by the {Jobs} {Report}},
	abstract = {If the economy actually added 150,000 jobs last month, it would be possible to see any of these headlines. The jobs number is just an estimate, and it comes with uncertainty.},
	urldate = {2015-03-10},
	journal = {The New York Times},
	author = {Leonhardt, David},
	month = may,
	year = {2014},
	pages = {B1}
}

@article{pfeffermann_small-area_2006,
	title = {Small-area estimation with state–space models subject to benchmark constraints},
	volume = {101},
	number = {476},
	urldate = {2015-03-10},
	journal = {Journal of the American Statistical Association},
	author = {Pfeffermann, Danny and Tiller, Richard},
	year = {2006},
	pages = {1387--1397},
	file = {Snapshot:/Users/benjamin/Library/Application Support/Zotero/Profiles/i8zmk51x.default/zotero/storage/H5F298DJ/cookieAbsent.html:text/html}
}

@book{bell_time_1990,
	title = {The time series approach to estimation for repeated surveys},
	author = {Bell, William R. and Hillmer, Steven C.},
	year = {1990}
}

@article{scott_analysis_1974,
	title = {Analysis of repeated surveys using time series methods},
	volume = {69},
	number = {347},
	urldate = {2015-03-10},
	journal = {Journal of the American Statistical Association},
	author = {Scott, A. J. and Smith, T. M. F.},
	year = {1974},
	pages = {674--678},
	file = {Snapshot:/Users/benjamin/Library/Application Support/Zotero/Profiles/i8zmk51x.default/zotero/storage/88CF9P5N/cookieAbsent.html:text/html}
}

@article{rodrigues_estimating_2013,
	title = {Estimating disaggregated employment size from {Points}-of-{Interest} and census data: {From} mining the web to model implementation and visualization},
	volume = {6},
	shorttitle = {Estimating disaggregated employment size from {Points}-of-{Interest} and census data},
	number = {1 and 2},
	urldate = {2015-03-10},
	journal = {International Journal on Advances in Intelligent Systems},
	author = {Rodrigues, Filipe and Alves, Ana and Polisciuc, Evgheni and Jiang, Shan and Ferreira, Joshep and Pereira, Francisco},
	year = {2013},
	pages = {41--52},
	file = {[PDF] from thinkmind.org:/Users/benjamin/Library/Application Support/Zotero/Profiles/i8zmk51x.default/zotero/storage/8HC2KNHD/Rodrigues et al. - 2013 - Estimating disaggregated employment size from Poin.pdf:application/pdf;Snapshot:/Users/benjamin/Library/Application Support/Zotero/Profiles/i8zmk51x.default/zotero/storage/C6382HQ6/index.html:text/html}
}

@inproceedings{feldt_tailor-made_2005,
	title = {Tailor-made exploratory visualization for statistics sweden},
	urldate = {2015-03-10},
	booktitle = {Coordinated and {Multiple} {Views} in {Exploratory} {Visualization}, 2005.({CMV} 2005). {Proceedings}. {Third} {International} {Conference} on},
	publisher = {IEEE},
	author = {Feldt, Nina and Pettersson, Henrik and Johansson, Jimmy and Jern, Mikael},
	year = {2005},
	pages = {133--142},
	file = {[PDF] from usal.es:/Users/benjamin/Library/Application Support/Zotero/Profiles/i8zmk51x.default/zotero/storage/K64EG7ZN/Feldt et al. - 2005 - Tailor-made exploratory visualization for statisti.pdf:application/pdf;Snapshot:/Users/benjamin/Library/Application Support/Zotero/Profiles/i8zmk51x.default/zotero/storage/G72H9IX7/cookiedetectresponse.html:text/html}
}

@misc{_urban_????,
	title = {Urban {Institute}},
	url = {http://www.urban.org/},
	urldate = {2015-03-10}
}

@misc{mahorney_what_2013,
	title = {What {You} {Need} {To} {Know} {About} {The} {Employment} {Report}},
	url = {http://www.investopedia.com/articles/04/092204.asp},
	urldate = {2015-03-21},
	journal = {Investopedia},
	author = {Mahorney, Mark},
	month = oct,
	year = {2013}
}

@book{_bureau_2015,
	title = {Bureau of {Labor} {Statistics}},
	month = feb,
	year = {2015},
	url = {http://www.bls.gov}
}

@book{_local_2015,
	title = {Local {Area} {Unemployment} {Statistics}},
	month = feb,
	year = {2015},
	url = {http://www.bls.gov/lau/}
}

@book{_current_2015,
	title = {Current {Employment} {Statistics}},
	url = {http://www.bls.gov/ces/}
}

@inproceedings{shneiderman_eyes_1996,
	title = {The {Eyes} {Have} {It}: {A} {Task} by {Data} {Type} {Taxonomy} for {Information} {Visualizations}},
	booktitle = {Proceedings of the 1996 {IEEE} {Symposium} on {Visual} {Languages}},
	author = {Shneiderman, Ben},
	year = {1996}
}

@book{_labor_????,
	title = {Labor {Force} {Statistics} from the {Current} {Population} {Survey}},
	url = {http://www.bls.gov/cps/}
}

@book{_wealth_????,
	title = {The {Wealth} \& {Health} of {Nations}},
	url = {http://bost.ocks.org/mike/nations/}
}

@book{_developers_2014,
	title = {Developer's {Site}},
	month = oct,
	year = {2014},
	url = {http://www.bls.gov/developers/home.htm}
}

@book{shneiderman_eight_????,
	title = {The {Eight} {Golden} {Rules} of {Interface} {Design}},
	author = {Shneiderman, Ben},
	url = {https://www.cs.umd.edu/users/ben/goldenrules.html}
}

@inproceedings{battista_motion_2011,
	title = {Motion charts: {Telling} stories with statistics},
	volume = {4473},
	shorttitle = {Motion charts},
	urldate = {2015-05-11},
	booktitle = {American {Statistical} {Association} {Joint} {Statistical} {Meetings}},
	author = {Battista, Victoria and Cheng, Edmond},
	year = {2011},
	file = {[PDF] from bls.gov:/Users/benjamin/Library/Application Support/Zotero/Profiles/i8zmk51x.default/zotero/storage/99FSVF9Z/Battista and Cheng - 2011 - Motion charts Telling stories with statistics.pdf:application/pdf}
}

@book{keim_mastering_2010,
	title = {Mastering the information age-solving problems with visual analytics},
	urldate = {2015-05-11},
	publisher = {Florian Mansmann},
	author = {Keim, Daniel A. and Kohlhammer, Jörn and Ellis, Geoffrey and Mansmann, Florian},
	year = {2010},
	file = {[HTML] from google.com:/Users/benjamin/Library/Application Support/Zotero/Profiles/i8zmk51x.default/zotero/storage/42HZFQF2/books.html:text/html}
}

@article{heer_design_2008,
	title = {Design considerations for collaborative visual analytics},
	volume = {7},
	number = {1},
	urldate = {2015-05-11},
	journal = {Information visualization},
	author = {Heer, Jeffrey and Agrawala, Maneesh},
	year = {2008},
	pages = {49--62},
	file = {[PDF] from sagepub.com:/Users/benjamin/Library/Application Support/Zotero/Profiles/i8zmk51x.default/zotero/storage/3SUXUKHT/Heer and Agrawala - 2008 - Design considerations for collaborative visual ana.pdf:application/pdf;Snapshot:/Users/benjamin/Library/Application Support/Zotero/Profiles/i8zmk51x.default/zotero/storage/TUJK8QTQ/49.html:text/html}
}

@inproceedings{green_visual_2008,
	title = {Visual analytics for complex concepts using a human cognition model},
	urldate = {2015-05-11},
	booktitle = {Visual {Analytics} {Science} and {Technology}, 2008. {VAST}'08. {IEEE} {Symposium} on},
	publisher = {IEEE},
	author = {Green, Tera Marie and Ribarsky, William and Fisher, Brian},
	year = {2008},
	pages = {91--98},
	file = {[PDF] from researchgate.net:/Users/benjamin/Library/Application Support/Zotero/Profiles/i8zmk51x.default/zotero/storage/EIF2WSNX/Green et al. - 2008 - Visual analytics for complex concepts using a huma.pdf:application/pdf;Snapshot:/Users/benjamin/Library/Application Support/Zotero/Profiles/i8zmk51x.default/zotero/storage/BHEUU89C/cookiedetectresponse.html:text/html}
}

@article{heer_interactive_2012,
	title = {Interactive dynamics for visual analysis},
	volume = {10},
	number = {2},
	urldate = {2015-05-11},
	journal = {Queue},
	author = {Heer, Jeffrey and Shneiderman, Ben},
	year = {2012},
	pages = {30},
	file = {[HTML] from acm.org:/Users/benjamin/Library/Application Support/Zotero/Profiles/i8zmk51x.default/zotero/storage/69PJESCF/detail.html:text/html;Snapshot:/Users/benjamin/Library/Application Support/Zotero/Profiles/i8zmk51x.default/zotero/storage/NG5R3EVM/citation.html:text/html}
}

@article{brewer_mapping_1997,
	title = {Mapping mortality: {Evaluating} color schemes for choropleth maps},
	volume = {87},
	shorttitle = {Mapping mortality},
	number = {3},
	urldate = {2015-05-11},
	journal = {Annals of the Association of American Geographers},
	author = {Brewer, Cynthia A. and MacEachren, Alan M. and Pickle, Linda W. and Herrmann, Douglas},
	year = {1997},
	pages = {411--438},
	file = {Snapshot:/Users/benjamin/Library/Application Support/Zotero/Profiles/i8zmk51x.default/zotero/storage/2GUUENDQ/cookieAbsent.html:text/html}
}

@book{ojeda_practical_2014,
	title = {Practical {Data} {Science} {Cookbook}},
	urldate = {2015-05-11},
	publisher = {Packt Publishing Ltd},
	author = {Ojeda, Tony and Murphy, Sean Patrick and Bengfort, Benjamin and Dasgupta, Abhijit},
	year = {2014},
	file = {Snapshot:/Users/benjamin/Library/Application Support/Zotero/Profiles/i8zmk51x.default/zotero/storage/PP283WSF/books.html:text/html}
}
