
@book{gephi_gephi-open_2010,
	title = {Gephi-the open graph viz platform},
	author = {Gephi, N. G. O.},
	year = {2010}
}

@article{bruns_how_2012,
	title = {How long is a tweet? {Mapping} dynamic conversation networks on {Twitter} using {Gawk} and {Gephi}},
	volume = {15},
	shorttitle = {How long is a tweet?},
	url = {http://www.tandfonline.com/doi/abs/10.1080/1369118x.2011.635214},
	number = {9},
	urldate = {2015-04-03},
	journal = {Information, Communication \& Society},
	author = {Bruns, Axel},
	year = {2012},
	pages = {1323--1351},
	file = {[HTML] from tandfonline.com:/Users/benjamin/Library/Application Support/Zotero/Profiles/i8zmk51x.default/zotero/storage/AF5TECZB/cookieAbsent.html:text/html;Snapshot:/Users/benjamin/Library/Application Support/Zotero/Profiles/i8zmk51x.default/zotero/storage/BR3X8XXK/cookieAbsent.html:text/html}
}

@article{jacomy_forceatlas2_2014,
	title = {{ForceAtlas}2, a continuous graph layout algorithm for handy network visualization designed for the {Gephi} software},
	volume = {9},
	url = {http://dx.plos.org/10.1371/journal.pone.0098679},
	number = {6},
	urldate = {2015-04-03},
	journal = {PloS one},
	author = {Jacomy, Mathieu and Venturini, Tommaso and Heymann, Sebastien and Bastian, Mathieu},
	year = {2014},
	pages = {e98679},
	file = {[HTML] from plos.org:/Users/benjamin/Library/Application Support/Zotero/Profiles/i8zmk51x.default/zotero/storage/I6DRIBHW/article.html:text/html}
}

@article{bastian_gephi:_2009,
	title = {Gephi: an open source software for exploring and manipulating networks.},
	volume = {8},
	shorttitle = {Gephi},
	url = {http://www.aaai.org/ocs/index.php/ICWSM/09/paper/viewPDFInterstitial/154Forum/1009},
	urldate = {2015-04-03},
	journal = {ICWSM},
	author = {Bastian, Mathieu and Heymann, Sebastien and Jacomy, Mathieu and {others}},
	year = {2009},
	pages = {361--362}
}

@inproceedings{gansner_multilevel_2011,
	title = {Multilevel agglomerative edge bundling for visualizing large graphs},
	url = {http://ieeexplore.ieee.org/xpls/abs_all.jsp?arnumber=5742389},
	urldate = {2015-04-05},
	booktitle = {Pacific {Visualization} {Symposium} ({PacificVis}), 2011 {IEEE}},
	publisher = {IEEE},
	author = {Gansner, Emden R. and Hu, Yifan and North, Stephen and Scheidegger, Carlos},
	year = {2011},
	pages = {187--194},
	file = {[PDF] from yifanhu.net:/Users/benjamin/Library/Application Support/Zotero/Profiles/i8zmk51x.default/zotero/storage/WJ7U9BDP/Gansner et al. - 2011 - Multilevel agglomerative edge bundling for visuali.pdf:application/pdf;Snapshot:/Users/benjamin/Library/Application Support/Zotero/Profiles/i8zmk51x.default/zotero/storage/6D66VGWH/login.html:text/html}
}

@article{mcsweeney_gephi_2009,
	title = {Gephi {Network} {Statistics}},
	url = {http://web.ecs.syr.edu/~pjmcswee/gephi.pdf},
	urldate = {2015-04-03},
	journal = {Presentado en Google Summer of Code. Recuperado a partir de http://gephi. org/google-soc/gephi-netalgo. pdf},
	author = {McSweeney, Patrick J.},
	year = {2009},
	file = {[PDF] from syr.edu:/Users/benjamin/Library/Application Support/Zotero/Profiles/i8zmk51x.default/zotero/storage/8DCF8WZJ/McSweeney - 2009 - Gephi Network Statistics.pdf:application/pdf}
}

@inproceedings{pupyrev_edge_2012,
	title = {Edge routing with ordered bundles},
	url = {http://link.springer.com/chapter/10.1007/978-3-642-25878-7_14},
	urldate = {2015-04-03},
	booktitle = {Graph {Drawing}},
	publisher = {Springer},
	author = {Pupyrev, Sergey and Nachmanson, Lev and Bereg, Sergey and Holroyd, Alexander E.},
	year = {2012},
	pages = {136--147},
	file = {[PDF] from msr-waypoint.com:/Users/benjamin/Library/Application Support/Zotero/Profiles/i8zmk51x.default/zotero/storage/RNJTEBME/Pupyrev et al. - 2012 - Edge routing with ordered bundles.pdf:application/pdf;Snapshot:/Users/benjamin/Library/Application Support/Zotero/Profiles/i8zmk51x.default/zotero/storage/9G6U5QPM/978-3-642-25878-7_14.html:text/html}
}

@inproceedings{de_meo_generalized_2011,
	title = {Generalized louvain method for community detection in large networks},
	url = {http://ieeexplore.ieee.org/xpls/abs_all.jsp?arnumber=6121636},
	urldate = {2015-04-03},
	booktitle = {Intelligent {Systems} {Design} and {Applications} ({ISDA}), 2011 11th {International} {Conference} on},
	publisher = {IEEE},
	author = {De Meo, Pasquale and Ferrara, Emilio and Fiumara, Giacomo and Provetti, Alessandro},
	year = {2011},
	pages = {88--93},
	file = {[PDF] from arxiv.org:/Users/benjamin/Library/Application Support/Zotero/Profiles/i8zmk51x.default/zotero/storage/8AI46D4S/De Meo et al. - 2011 - Generalized louvain method for community detection.pdf:application/pdf;Snapshot:/Users/benjamin/Library/Application Support/Zotero/Profiles/i8zmk51x.default/zotero/storage/XUW2ZB6K/cookiedetectresponse.html:text/html}
}

@book{brandes_graph_2010,
	title = {Graph markup language ({GraphML})},
	publisher = {Bibliothek der Universität Konstanz},
	author = {Brandes, Ulrik and Eiglsperger, Markus and Lerner, Jürgen and Pich, Christian},
	year = {2010},
	file = {[PDF] from psu.edu:/Users/benjamin/Library/Application Support/Zotero/Profiles/i8zmk51x.default/zotero/storage/CBMHPVHF/Brandes et al. - 2010 - Graph markup language (GraphML).pdf:application/pdf}
}

@article{hu_efficient_2005,
	title = {Efficient, high-quality force-directed graph drawing},
	volume = {10},
	url = {http://my-canvas-toys.googlecode.com/svn-history/r26/trunk/doc_refs/Alternative_ForceDirected_graph_draw.pdf},
	number = {1},
	urldate = {2015-04-05},
	journal = {Mathematica Journal},
	author = {Hu, Yifan},
	year = {2005},
	pages = {37--71},
	file = {[PDF] from googlecode.com:/Users/benjamin/Library/Application Support/Zotero/Profiles/i8zmk51x.default/zotero/storage/G5XWTTBF/Hu - 2005 - Efficient, high-quality force-directed graph drawi.pdf:application/pdf}
}

@article{fruchterman_graph_1991,
	title = {Graph drawing by force-directed placement},
	volume = {21},
	url = {http://onlinelibrary.wiley.com/doi/10.1002/spe.4380211102/abstract},
	number = {11},
	urldate = {2015-04-05},
	journal = {Software: Practice and experience},
	author = {Fruchterman, Thomas MJ and Reingold, Edward M.},
	year = {1991},
	pages = {1129--1164},
	file = {Snapshot:/Users/benjamin/Library/Application Support/Zotero/Profiles/i8zmk51x.default/zotero/storage/TZVCU6XE/abstract.html:text/html}
}

@article{liu_social_2007,
	title = {Social network profiles as taste performances},
	volume = {13},
	url = {http://onlinelibrary.wiley.com/doi/10.1111/j.1083-6101.2007.00395.x/full},
	number = {1},
	urldate = {2015-04-05},
	journal = {Journal of Computer-Mediated Communication},
	author = {Liu, Hugo},
	year = {2007},
	pages = {252--275},
	file = {[HTML] from wiley.com:/Users/benjamin/Library/Application Support/Zotero/Profiles/i8zmk51x.default/zotero/storage/H83FZEWS/full.html:text/html}
}

@article{smith_nodexl:_2010,
	title = {{NodeXL}: a free and open network overview, discovery and exploration add-in for {Excel} 2007/2010},
	shorttitle = {{NodeXL}},
	journal = {Social Media Research Foundation},
	author = {Smith, Marc and Milic-Frayling, Natasa and Shneiderman, Ben and Mendes Rodrigues, E. and Leskovec, Jure and Dunne, Cody},
	year = {2010}
}