
@inproceedings{bermbach_eventual_2011,
	title = {Eventual consistency: How soon is eventual? An evaluation of Amazon S3's consistency behavior},
	pages = {1},
	booktitle = {Proceedings of the 6th Workshop on Middleware for Service Oriented Computing},
	publisher = {{ACM}},
	author = {Bermbach, David and Tai, Stefan},
	date = {2011}
}

@inproceedings{terry_session_1994,
	title = {Session guarantees for weakly consistent replicated data},
	pages = {140--149},
	booktitle = {Parallel and Distributed Information Systems, 1994., Proceedings of the Third International Conference on},
	publisher = {{IEEE}},
	author = {Terry, Douglas B. and Demers, Alan J. and Petersen, Karin and Spreitzer, Mike J. and Theimer, Marvin M. and Welch, Brent B.},
	date = {1994}
}

@inproceedings{bengfort_brief_2017,
	location = {Washington, D.C.},
	title = {Brief Announcement: Hierarchical Consensus},
	pages = {355--357},
	booktitle = {Proceedings of the 2017 {ACM} Symposium on Principles of Distributed Computing},
	publisher = {{ACM}},
	author = {Bengfort, Benjamin and Keleher, Pete},
	date = {2017-07-25}
}

@inproceedings{bengfort_federating_2017,
	location = {Atlanta, {GA}},
	title = {Federating Consistency for Partition-Prone Networks},
	booktitle = {Proceedings of the 2017 {IEEE} 37th International Conference on Distributed Computing Systems ({ICDCS})},
	publisher = {{IEEE}},
	author = {Bengfort, Benjamin and Keleher, Pete},
	date = {2017-06-05}
}

@inproceedings{langford_epoch-greedy_2008,
	title = {The Epoch-Greedy Algorithm for Multi-Armed Bandits with Side Information},
	pages = {817--824},
	booktitle = {Advances in Neural Information Processing Systems},
	author = {Langford, John and Zhang, Tong},
	date = {2008}
}

@inproceedings{almeida_version_2002,
    title={Version stamps-decentralized version vectors},
    author={Almeida, Paulo S{\'e}rgio and Baquero, Carlos and Fonte, Victor},
    booktitle={Distributed Computing Systems, 2002. Proceedings. 22nd International Conference on},
    pages={544--551},
    year={2002},
    organization={IEEE}
}

@article{moreno_dynamics_2004,
	title = {Dynamics of rumor spreading in complex networks},
	volume = {69},
	pages = {066130},
	number = {6},
	journaltitle = {Physical Review E},
	author = {Moreno, Yamir and Nekovee, Maziar and Pacheco, Amalio F.},
	date = {2004}
}

@inproceedings{karp_randomized_2000,
	title = {Randomized rumor spreading},
	pages = {565--574},
	booktitle = {Foundations of Computer Science, 2000. Proceedings. 41st Annual Symposium on},
	publisher = {{IEEE}},
	author = {Karp, Richard and Schindelhauer, Christian and Shenker, Scott and Vocking, Berthold},
	date = {2000}
}

@article{haeupler_simple_2015,
	title = {Simple, fast and deterministic gossip and rumor spreading},
	volume = {62},
	pages = {47},
	number = {6},
	journaltitle = {Journal of the {ACM} ({JACM})},
	author = {Haeupler, Bernhard},
	date = {2015}
}

@article{bailis_quantifying_2014,
	title = {Quantifying eventual consistency with {PBS}},
	volume = {23},
	pages = {279--302},
	number = {2},
	journaltitle = {The {VLDB} Journal},
	author = {Bailis, Peter and Venkataraman, Shivaram and Franklin, Michael J. and Hellerstein, Joseph M. and Stoica, Ion},
	date = {2014}
}

@inproceedings{decandia_dynamo:_2007,
	title = {Dynamo: amazon's highly available key-value store},
	volume = {41},
	shorttitle = {Dynamo},
	pages = {205--220},
	booktitle = {{ACM} {SIGOPS} Operating Systems Review},
	publisher = {{ACM}},
	author = {{DeCandia}, Giuseppe and Hastorun, Deniz and Jampani, Madan and Kakulapati, Gunavardhan and Lakshman, Avinash and Pilchin, Alex and Sivasubramanian, Swaminathan and Vosshall, Peter and Vogels, Werner},
	urldate = {2014-10-15},
	date = {2007}
}

@article{luo_efficient_2017,
	title = {Efficient Contextual Bandits in Non-stationary Worlds},
	journaltitle = {{arXiv} preprint {arXiv}:1708.01799},
	author = {Luo, Haipeng and Agarwal, Alekh and Langford, John},
	date = {2017}
}

@inproceedings{wada_data_2011,
	title = {Data Consistency Properties and the Trade-offs in Commercial Cloud Storage: the Consumers' Perspective.},
	volume = {11},
	pages = {134--143},
	booktitle = {{CIDR}},
	author = {Wada, Hiroshi and Fekete, Alan and Zhao, Liang and Lee, Kevin and Liu, Anna},
	date = {2011}
}
