@article{pack2010visualization,
  title={Visualization in transportation: challenges and opportunities for everyone},
  author={Pack, Michael L},
  journal={Computer Graphics and Applications, IEEE},
  volume={30},
  number={4},
  pages={90--96},
  year={2010},
  publisher={IEEE}
}

@article{lund2010dynamic,
  title={Dynamic wide-area congestion and incident monitoring using probe data},
  author={Lund, Andrew S and Pack, Michael L},
  journal={Transportation Research Record: Journal of the Transportation Research Board},
  volume={2174},
  number={1},
  pages={1--9},
  year={2010},
  publisher={Trans Res Board}
}

@online{terrigno2014traffic,
  author = {Phil Terrigno},
  title = {10 American Cities With the Worst Traffic},
  year = {2014},
  url = {http://time.com/2849442/worst-traffic/},
  urldate = {2015-03-02},
  publisher={Time Magazine Online}
}

@article{mackinlay2007show,
  title={Show me: Automatic presentation for visual analysis},
  author={Mackinlay, Jock and Hanrahan, Pat and Stolte, Chris},
  journal={Visualization and Computer Graphics, IEEE Transactions on},
  volume={13},
  number={6},
  pages={1137--1144},
  year={2007},
  publisher={IEEE}
}