
@inproceedings{drago_inside_2012,
  title = {Inside Dropbox: Understanding Personal Cloud Storage Services},
  shorttitle = {Inside Dropbox},
  timestamp = {2016-04-27T20:10:07Z},
  urldate = {2016-04-27},
  booktitle = {Proceedings of the 2012 {{ACM}} Conference on {{Internet}} Measurement Conference},
  publisher = {{ACM}},
  author = {Drago, Idilio and Mellia, Marco and M Munafo, Maurizio and Sperotto, Anna and Sadre, Ramin and Pras, Aiko},
  year = {2012},
  pages = {481--494},
  file = {[PDF] from utwente.nl:/Users/benjamin/Library/Application Support/Zotero/Profiles/i8zmk51x.default/zotero/storage/2PEXBC6J/Drago et al. - 2012 - Inside dropbox understanding personal cloud stora.pdf:application/pdf;Snapshot:/Users/benjamin/Library/Application Support/Zotero/Profiles/i8zmk51x.default/zotero/storage/TZXT9E7C/citation.html:text/html}
}

@article{chandy_distributed_1985,
  title = {Distributed Snapshots: Determining Global States of Distributed Systems},
  volume = {3},
  shorttitle = {Distributed Snapshots},
  timestamp = {2014-09-23T21:13:29Z},
  number = {1},
  urldate = {2014-09-23},
  journal = {ACM Transactions on Computer Systems (TOCS)},
  author = {Chandy, K. Mani and Lamport, Leslie},
  year = {1985},
  pages = {63--75},
  file = {snapshots.pdf:/Users/benjamin/Library/Application Support/Zotero/Profiles/i8zmk51x.default/zotero/storage/Q27I8HPI/snapshots.pdf:application/pdf;Snapshot:/Users/benjamin/Library/Application Support/Zotero/Profiles/i8zmk51x.default/zotero/storage/UVKTJ5VU/citation.html:text/html}
}

@inproceedings{muthitacharoen_low-bandwidth_2001,
  title = {A Low-Bandwidth Network File System},
  volume = {35},
  timestamp = {2014-09-23T21:14:10Z},
  urldate = {2014-09-23},
  booktitle = {{{ACM SIGOPS Operating Systems Review}}},
  publisher = {{ACM}},
  author = {Muthitacharoen, Athicha and Chen, Benjie and Mazieres, David},
  year = {2001},
  pages = {174--187},
  file = {lbfs.pdf:/Users/benjamin/Library/Application Support/Zotero/Profiles/i8zmk51x.default/zotero/storage/7FI2U46D/lbfs.pdf:application/pdf;Snapshot:/Users/benjamin/Library/Application Support/Zotero/Profiles/i8zmk51x.default/zotero/storage/D9VWQBIR/citation.html:text/html}
}

@article{lamport_time_1978,
  title = {Time, Clocks, and the Ordering of Events in a Distributed System},
  volume = {21},
  timestamp = {2016-04-27T14:51:27Z},
  number = {7},
  urldate = {2014-09-23},
  journal = {Communications of the ACM},
  author = {Lamport, Leslie},
  year = {1978},
  pages = {558--565},
  file = {time-clocks.pdf:/Users/benjamin/Library/Application Support/Zotero/Profiles/i8zmk51x.default/zotero/storage/78B6GF2X/time-clocks.pdf:application/pdf;Snapshot:/Users/benjamin/Library/Application Support/Zotero/Profiles/i8zmk51x.default/zotero/storage/UKM49XF2/citation.html:text/html}
}

@article{stoica_chord:_2001,
  title = {Chord: {{A}} Scalable Peer-to-Peer Lookup Service for Internet Applications},
  volume = {31},
  shorttitle = {Chord},
  timestamp = {2016-04-29T02:35:08Z},
  number = {4},
  urldate = {2014-09-23},
  journal = {ACM SIGCOMM Computer Communication Review},
  author = {Stoica, Ion and Morris, Robert and Karger, David and Kaashoek, M. Frans and Balakrishnan, Hari},
  year = {2001},
  pages = {149--160},
  file = {chord_sigcomm.pdf:/Users/benjamin/Library/Application Support/Zotero/Profiles/i8zmk51x.default/zotero/storage/EITB4QE2/chord_sigcomm.pdf:application/pdf;[PDF] from psu.edu:/Users/benjamin/Library/Application Support/Zotero/Profiles/i8zmk51x.default/zotero/storage/VWGA2P8F/Stoica et al. - 2001 - Chord A scalable peer-to-peer lookup service for .pdf:application/pdf;Snapshot:/Users/benjamin/Library/Application Support/Zotero/Profiles/i8zmk51x.default/zotero/storage/8U6AJD7G/citation.html:text/html;Snapshot:/Users/benjamin/Library/Application Support/Zotero/Profiles/i8zmk51x.default/zotero/storage/EVQ2M2Q3/citation.html:text/html}
}

@article{bailis_coordination-avoiding_2014,
  title = {Coordination-Avoiding Database Systems},
  timestamp = {2014-10-22T13:09:25Z},
  urldate = {2014-10-22},
  journal = {arXiv preprint arXiv:1402.2237},
  author = {Bailis, Peter and Fekete, Alan and Ghodsi, Ali and Hellerstein, Joseph M. and Stoica, Ion},
  year = {2014},
  file = {coordination.pdf:/Users/benjamin/Library/Application Support/Zotero/Profiles/i8zmk51x.default/zotero/storage/4XRDJ3XR/coordination.pdf:application/pdf;Snapshot:/Users/benjamin/Library/Application Support/Zotero/Profiles/i8zmk51x.default/zotero/storage/JB9P5FC5/1402.html:text/html}
}

@article{kubiatowicz_oceanstore:_2000,
  title = {Oceanstore: {{An}} Architecture for Global-Scale Persistent Storage},
  volume = {35},
  shorttitle = {Oceanstore},
  timestamp = {2014-09-23T21:17:00Z},
  number = {11},
  urldate = {2014-09-23},
  journal = {ACM Sigplan Notices},
  author = {Kubiatowicz, John and Bindel, David and Chen, Yan and Czerwinski, Steven and Eaton, Patrick and Geels, Dennis and Gummadi, Ramakrishan and Rhea, Sean and Weatherspoon, Hakim and Weimer, Westley and {others}},
  year = {2000},
  pages = {190--201},
  file = {oceanstore-asplos.pdf:/Users/benjamin/Library/Application Support/Zotero/Profiles/i8zmk51x.default/zotero/storage/SA3WZVT9/oceanstore-asplos.pdf:application/pdf;Snapshot:/Users/benjamin/Library/Application Support/Zotero/Profiles/i8zmk51x.default/zotero/storage/FNRG8IBV/citation.html:text/html}
}

@inproceedings{mashtizadeh_replication_2013,
  title = {Replication, History, and Grafting in the {{Ori}} File System},
  timestamp = {2014-09-29T15:07:48Z},
  urldate = {2014-09-29},
  booktitle = {Proceedings of the {{Twenty}}-{{Fourth ACM Symposium}} on {{Operating Systems Principles}}},
  publisher = {{ACM}},
  author = {Mashtizadeh, Ali Jos{\'e} and Bittau, Andrea and Huang, Yifeng Frank and Mazieres, David},
  year = {2013},
  pages = {151--166},
  file = {[PDF] from sigops.org:/Users/benjamin/Library/Application Support/Zotero/Profiles/i8zmk51x.default/zotero/storage/J3355CD6/J3355CD6.pdf:application/pdf;Snapshot:/Users/benjamin/Library/Application Support/Zotero/Profiles/i8zmk51x.default/zotero/storage/ZP2VB24X/Mashtizadeh et al. - 2013 - Replication, history, and grafting in the Ori file.html:text/html}
}

@article{lamport_paxos_2001,
  title = {Paxos Made Simple},
  volume = {32},
  timestamp = {2016-05-02T18:52:43Z},
  number = {4},
  urldate = {2014-11-03},
  journal = {ACM Sigact News},
  author = {Lamport, Leslie},
  year = {2001},
  pages = {18--25},
  file = {paxosMadeSimple.pdf:/Users/benjamin/Library/Application Support/Zotero/Profiles/i8zmk51x.default/zotero/storage/W6A4KIAI/paxosMadeSimple.pdf:application/pdf}
}

@article{terry_managing_1995,
  title = {Managing Update Conflicts in {{Bayou}}, a Weakly Connected Replicated Storage System},
  volume = {29},
  timestamp = {2014-10-01T19:18:57Z},
  urldate = {2014-10-01},
  journal = {ACM},
  author = {Terry, Douglas B. and Theimer, Marvin M. and Petersen, Karin and Demers, Alan J. and Spreitzer, Mike J. and Hauser, Carl H.},
  year = {1995},
  file = {bayou.pdf:/Users/benjamin/Library/Application Support/Zotero/Profiles/i8zmk51x.default/zotero/storage/855BHFVP/bayou.pdf:application/pdf;Snapshot:/Users/benjamin/Library/Application Support/Zotero/Profiles/i8zmk51x.default/zotero/storage/F2HXDSBX/citation.html:text/html}
}

@inproceedings{terry_session_1994,
  title = {Session Guarantees for Weakly Consistent Replicated Data},
  timestamp = {2014-10-01T19:19:31Z},
  urldate = {2014-10-01},
  booktitle = {Parallel and {{Distributed Information Systems}}, 1994., {{Proceedings}} of the {{Third International Conference}} on},
  publisher = {{IEEE}},
  author = {Terry, Douglas B. and Demers, Alan J. and Petersen, Karin and Spreitzer, Mike J. and Theimer, Marvin M. and Welch, Brent B.},
  year = {1994},
  pages = {140--149},
  file = {sessionGuarantees.pdf:/Users/benjamin/Library/Application Support/Zotero/Profiles/i8zmk51x.default/zotero/storage/HECFA9XG/sessionGuarantees.pdf:application/pdf;[HTML] from parc.com:/Users/benjamin/Library/Application Support/Zotero/Profiles/i8zmk51x.default/zotero/storage/2BP4AII2/www.parc.com.html:text/html;Snapshot:/Users/benjamin/Library/Application Support/Zotero/Profiles/i8zmk51x.default/zotero/storage/G2RVX28B/cookiedetectresponse.html:text/html}
}

@article{bailis_highly_2013,
  title = {Highly {{Available Transactions}}: {{Virtues}} and {{Limitations}} ({{Extended Version}})},
  shorttitle = {Highly {{Available Transactions}}},
  timestamp = {2014-10-22T13:10:02Z},
  urldate = {2014-10-22},
  journal = {arXiv preprint arXiv:1302.0309},
  author = {Bailis, Peter and Davidson, Aaron and Fekete, Alan and Ghodsi, Ali and Hellerstein, Joseph M. and Stoica, Ion},
  year = {2013},
  file = {hat-vldb2014.pdf:/Users/benjamin/Library/Application Support/Zotero/Profiles/i8zmk51x.default/zotero/storage/KFIDVT32/KFIDVT32.pdf:application/pdf;Snapshot:/Users/benjamin/Library/Application Support/Zotero/Profiles/i8zmk51x.default/zotero/storage/H999TTH2/1302.html:text/html}
}

@inproceedings{chandra_paxos_2007,
  title = {Paxos Made Live: An Engineering Perspective},
  shorttitle = {Paxos Made Live},
  timestamp = {2016-05-02T18:52:41Z},
  urldate = {2014-11-03},
  booktitle = {Proceedings of the Twenty-Sixth Annual {{ACM}} Symposium on {{Principles}} of Distributed Computing},
  publisher = {{ACM}},
  author = {Chandra, Tushar D. and Griesemer, Robert and Redstone, Joshua},
  year = {2007},
  pages = {398--407},
  file = {paxosMadeLive.pdf:/Users/benjamin/Library/Application Support/Zotero/Profiles/i8zmk51x.default/zotero/storage/VXVIGPGK/paxosMadeLive.pdf:application/pdf;Snapshot:/Users/benjamin/Library/Application Support/Zotero/Profiles/i8zmk51x.default/zotero/storage/GHN8T7NI/citation.html:text/html}
}

@article{vogels_eventually_2009,
  title = {Eventually Consistent},
  volume = {52},
  timestamp = {2016-04-29T00:58:02Z},
  number = {1},
  urldate = {2016-04-29},
  journal = {Communications of the ACM},
  author = {Vogels, Werner},
  year = {2009},
  pages = {40--44},
  file = {[PDF] from psu.edu:/Users/benjamin/Library/Application Support/Zotero/Profiles/i8zmk51x.default/zotero/storage/BCJMUF23/Vogels - 2009 - Eventually consistent.pdf:application/pdf;Snapshot:/Users/benjamin/Library/Application Support/Zotero/Profiles/i8zmk51x.default/zotero/storage/SZVPHTEF/citation.html:text/html}
}

@inproceedings{decandia_dynamo:_2007,
  title = {Dynamo: Amazon's Highly Available Key-Value Store},
  volume = {41},
  shorttitle = {Dynamo},
  timestamp = {2016-04-27T14:53:01Z},
  urldate = {2014-10-15},
  booktitle = {{{ACM SIGOPS Operating Systems Review}}},
  publisher = {{ACM}},
  author = {DeCandia, Giuseppe and Hastorun, Deniz and Jampani, Madan and Kakulapati, Gunavardhan and Lakshman, Avinash and Pilchin, Alex and Sivasubramanian, Swaminathan and Vosshall, Peter and Vogels, Werner},
  year = {2007},
  pages = {205--220},
  file = {amazonDynamo.pdf:/Users/benjamin/Library/Application Support/Zotero/Profiles/i8zmk51x.default/zotero/storage/AQH9AZHQ/amazonDynamo.pdf:application/pdf;[PDF] from harvard.edu:/Users/benjamin/Library/Application Support/Zotero/Profiles/i8zmk51x.default/zotero/storage/EIHW3SC8/DeCandia et al. - 2007 - Dynamo amazon's highly available key-value store.pdf:application/pdf;Snapshot:/Users/benjamin/Library/Application Support/Zotero/Profiles/i8zmk51x.default/zotero/storage/5J7C4EBG/citation.html:text/html;Snapshot:/Users/benjamin/Library/Application Support/Zotero/Profiles/i8zmk51x.default/zotero/storage/XDPRWZCW/citation.html:text/html}
}

@inproceedings{bailis_bolt-causal_2013,
  title = {Bolt-on Causal Consistency},
  timestamp = {2014-10-30T13:43:41Z},
  urldate = {2014-10-30},
  booktitle = {Proceedings of the 2013 International Conference on {{Management}} of Data},
  publisher = {{ACM}},
  author = {Bailis, Peter and Ghodsi, Ali and Hellerstein, Joseph M. and Stoica, Ion},
  year = {2013},
  pages = {761--772},
  file = {[PDF] from berkeley.edu:/Users/benjamin/Library/Application Support/Zotero/Profiles/i8zmk51x.default/zotero/storage/NSZR8UTW/Bailis et al. - 2013 - Bolt-on causal consistency.pdf:application/pdf;Snapshot:/Users/benjamin/Library/Application Support/Zotero/Profiles/i8zmk51x.default/zotero/storage/BDGP7QFW/citation.html:text/html}
}

@inproceedings{lloyd_dont_2011,
  title = {Don't Settle for Eventual: Scalable Causal Consistency for Wide-Area Storage with {{COPS}}},
  shorttitle = {Don't Settle for Eventual},
  timestamp = {2014-11-06T15:44:10Z},
  urldate = {2014-11-06},
  booktitle = {Proceedings of the {{Twenty}}-{{Third ACM Symposium}} on {{Operating Systems Principles}}},
  publisher = {{ACM}},
  author = {Lloyd, Wyatt and Freedman, Michael J. and Kaminsky, Michael and Andersen, David G.},
  year = {2011},
  pages = {401--416},
  file = {cops-sosp11.pdf:/Users/benjamin/Library/Application Support/Zotero/Profiles/i8zmk51x.default/zotero/storage/MFVZE5AA/cops-sosp11.pdf:application/pdf;Snapshot:/Users/benjamin/Library/Application Support/Zotero/Profiles/i8zmk51x.default/zotero/storage/P352X5A8/citation.html:text/html}
}

@article{corbett_spanner:_2013,
  title = {Spanner: {{Google}}'s Globally Distributed Database},
  volume = {31},
  shorttitle = {Spanner},
  timestamp = {2014-11-06T15:45:01Z},
  number = {3},
  urldate = {2014-11-06},
  journal = {ACM Transactions on Computer Systems (TOCS)},
  author = {Corbett, James C. and Dean, Jeffrey and Epstein, Michael and Fikes, Andrew and Frost, Christopher and Furman, J. J. and Ghemawat, Sanjay and Gubarev, Andrey and Heiser, Christopher and Hochschild, Peter and {others}},
  year = {2013},
  pages = {8},
  file = {spanner-osdi2012.pdf:/Users/benjamin/Library/Application Support/Zotero/Profiles/i8zmk51x.default/zotero/storage/TEZW78D5/spanner-osdi2012.pdf:application/pdf;Snapshot:/Users/benjamin/Library/Application Support/Zotero/Profiles/i8zmk51x.default/zotero/storage/ESR9NREA/citation.html:text/html}
}

@inproceedings{zhang_viewbox:_2014,
  title = {{{ViewBox}}: Integrating Local File Systems with Cloud Storage Services.},
  shorttitle = {{{ViewBox}}},
  timestamp = {2014-11-25T21:04:27Z},
  urldate = {2014-11-25},
  booktitle = {{{FAST}}},
  author = {Zhang, Yupu and Dragga, Chris and Arpaci-Dusseau, Andrea C. and Arpaci-Dusseau, Remzi H.},
  year = {2014},
  pages = {119--132},
  file = {viewbox.pdf:/Users/benjamin/Library/Application Support/Zotero/Profiles/i8zmk51x.default/zotero/storage/ANNVTM8E/viewbox.pdf:application/pdf}
}

@inproceedings{li_secure_2004,
  title = {Secure Untrusted Data Repository ({{SUNDR}})},
  volume = {4},
  timestamp = {2014-12-03T14:20:15Z},
  urldate = {2014-12-03},
  booktitle = {{{OSDI}}},
  author = {Li, Jinyuan and Krohn, Maxwell N. and Mazieres, David and Shasha, Dennis},
  year = {2004},
  pages = {9--9},
  file = {sundr.pdf:/Users/benjamin/Library/Application Support/Zotero/Profiles/i8zmk51x.default/zotero/storage/XA8HPF9R/sundr.pdf:application/pdf}
}

@inproceedings{feldman_sporc:_2010,
  title = {{{SPORC}}: {{Group Collaboration}} Using {{Untrusted Cloud Resources}}.},
  volume = {10},
  shorttitle = {{{SPORC}}},
  timestamp = {2014-12-03T14:20:54Z},
  urldate = {2014-12-03},
  booktitle = {{{OSDI}}},
  author = {Feldman, Ariel J. and Zeller, William P. and Freedman, Michael J. and Felten, Edward W.},
  year = {2010},
  pages = {337--350},
  file = {sporc.pdf:/Users/benjamin/Library/Application Support/Zotero/Profiles/i8zmk51x.default/zotero/storage/HIXRAEJ6/sporc.pdf:application/pdf}
}

@article{lakshman_cassandra:_2010,
  title = {Cassandra: A Decentralized Structured Storage System},
  volume = {44},
  shorttitle = {Cassandra},
  timestamp = {2016-09-01T03:45:41Z},
  number = {2},
  urldate = {2016-04-29},
  journal = {ACM SIGOPS Operating Systems Review},
  author = {Lakshman, Avinash and Malik, Prashant},
  year = {2010},
  pages = {35--40},
  file = {[PDF] from cam.ac.uk:/Users/benjamin/Library/Application Support/Zotero/Profiles/i8zmk51x.default/zotero/storage/DHCHP4CF/Lakshman and Malik - 2010 - Cassandra a decentralized structured storage syst.pdf:application/pdf;[PDF] cam.ac.uk:/Users/benjamin/Library/Application Support/Zotero/Profiles/i8zmk51x.default/zotero/storage/SDKP5SCI/Lakshman and Malik - 2010 - Cassandra a decentralized structured storage syst.pdf:application/pdf;Snapshot:/Users/benjamin/Library/Application Support/Zotero/Profiles/i8zmk51x.default/zotero/storage/IRCWVWA9/citation.html:text/html;Snapshot:/Users/benjamin/Library/Application Support/Zotero/Profiles/i8zmk51x.default/zotero/storage/PFN2B8FA/citation.html:text/html}
}

@inproceedings{gray_dangers_1996,
  title = {The Dangers of Replication and a Solution},
  volume = {25},
  timestamp = {2016-04-27T14:53:03Z},
  urldate = {2015-04-07},
  booktitle = {{{ACM SIGMOD Record}}},
  publisher = {{ACM}},
  author = {Gray, Jim and Helland, Pat and O'Neil, Patrick and Shasha, Dennis},
  year = {1996},
  pages = {173--182},
  file = {[PDF] from googlecode.com:/Users/benjamin/Library/Application Support/Zotero/Profiles/i8zmk51x.default/zotero/storage/3FKXD6NN/3FKXD6NN.pdf:application/pdf;replicas.pdf:/Users/benjamin/Library/Application Support/Zotero/Profiles/i8zmk51x.default/zotero/storage/7K6KBZ6I/replicas.pdf:application/pdf;Snapshot:/Users/benjamin/Library/Application Support/Zotero/Profiles/i8zmk51x.default/zotero/storage/HV6DK48X/citation.html:text/html;Snapshot:/Users/benjamin/Library/Application Support/Zotero/Profiles/i8zmk51x.default/zotero/storage/I2CVG87K/citation.html:text/html}
}

@article{bailis_quantifying_2014,
  title = {Quantifying Eventual Consistency with {{PBS}}},
  volume = {23},
  timestamp = {2016-04-27T14:53:04Z},
  number = {2},
  urldate = {2015-04-07},
  journal = {The VLDB Journal},
  author = {Bailis, Peter and Venkataraman, Shivaram and Franklin, Michael J. and Hellerstein, Joseph M. and Stoica, Ion},
  year = {2014},
  pages = {279--302},
  file = {[PDF] from bailis.org:/Users/benjamin/Library/Application Support/Zotero/Profiles/i8zmk51x.default/zotero/storage/HK83EDHA/Bailis et al. - 2014 - Quantifying eventual consistency with PBS.pdf:application/pdf;ec-pbs.pdf:/Users/benjamin/Library/Application Support/Zotero/Profiles/i8zmk51x.default/zotero/storage/SJE9D5BW/SJE9D5BW.pdf:application/pdf;Snapshot:/Users/benjamin/Library/Application Support/Zotero/Profiles/i8zmk51x.default/zotero/storage/662V4BGN/s00778-013-0330-1.html:text/html;Snapshot:/Users/benjamin/Library/Application Support/Zotero/Profiles/i8zmk51x.default/zotero/storage/AKJCUEFB/s00778-013-0330-1.html:text/html}
}

@article{alekeish_consensus_2012,
  title = {Consensus in Sparse, Mobile Ad Hoc Networks},
  volume = {23},
  timestamp = {2016-05-04T15:04:26Z},
  number = {3},
  urldate = {2016-05-04},
  journal = {Parallel and Distributed Systems, IEEE Transactions on},
  author = {Alekeish, Khaled and Ezhilchelvan, Paul},
  year = {2012},
  pages = {467--474},
  file = {[PDF] from psu.edu:/Users/benjamin/Library/Application Support/Zotero/Profiles/i8zmk51x.default/zotero/storage/5Q2E2FQG/Alekeish and Ezhilchelvan - 2012 - Consensus in sparse, mobile ad hoc networks.pdf:application/pdf;Snapshot:/Users/benjamin/Library/Application Support/Zotero/Profiles/i8zmk51x.default/zotero/storage/HDGFVFNH/abs_all.html:text/html}
}

@article{attiya_sequential_1994,
  title = {Sequential Consistency versus Linearizability},
  volume = {12},
  timestamp = {2016-04-29T02:37:24Z},
  number = {2},
  urldate = {2016-04-29},
  journal = {ACM Transactions on Computer Systems (TOCS)},
  author = {Attiya, Hagit and Welch, Jennifer L.},
  year = {1994},
  pages = {91--122},
  file = {[PDF] from mit.edu:/Users/benjamin/Library/Application Support/Zotero/Profiles/i8zmk51x.default/zotero/storage/KZ7PC3NF/Attiya and Welch - 1994 - Sequential consistency versus linearizability.pdf:application/pdf;Snapshot:/Users/benjamin/Library/Application Support/Zotero/Profiles/i8zmk51x.default/zotero/storage/SMKM3QIW/citation.html:text/html}
}

@inproceedings{chubby,
  title = {The {{Chubby}} Lock Service for Loosely-Coupled Distributed Systems},
  timestamp = {2016-11-22T21:26:58Z},
  urldate = {2016-05-01},
  booktitle = {Proceedings of the 7th Symposium on {{Operating}} Systems Design and Implementation},
  publisher = {{USENIX Association}},
  author = {Burrows, Mike},
  year = {2006},
  pages = {335--350},
  file = {Snapshot:/Users/benjamin/Library/Application Support/Zotero/Profiles/i8zmk51x.default/zotero/storage/HM6B2ZRP/citation.html:text/html;[HTML] from usenix.org:/Users/benjamin/Library/Application Support/Zotero/Profiles/i8zmk51x.default/zotero/storage/MIMB3DVJ/burrows_html.html:text/html}
}

@inproceedings{kraska_mdcc:_2013,
  title = {{{MDCC}}: {{Multi}}-Data Center Consistency},
  shorttitle = {{{MDCC}}},
  timestamp = {2016-05-01T17:31:44Z},
  urldate = {2016-05-01},
  booktitle = {Proceedings of the 8th {{ACM European Conference}} on {{Computer Systems}}},
  publisher = {{ACM}},
  author = {Kraska, Tim and Pang, Gene and Franklin, Michael J. and Madden, Samuel and Fekete, Alan},
  year = {2013},
  pages = {113--126},
  file = {mdcc.pdf:/Users/benjamin/Library/Application Support/Zotero/Profiles/i8zmk51x.default/zotero/storage/I2CVANFX/I2CVANFX.pdf:application/pdf;Snapshot:/Users/benjamin/Library/Application Support/Zotero/Profiles/i8zmk51x.default/zotero/storage/F3EPXCSU/citation.html:text/html}
}

@article{helland_immutability_2015,
  title = {Immutability Changes Everything},
  volume = {13},
  timestamp = {2016-04-27T15:47:15Z},
  number = {9},
  urldate = {2016-03-07},
  journal = {Queue},
  author = {Helland, Pat},
  year = {2015},
  pages = {40},
  file = {Immutability Changes Everything.pdf:/Users/benjamin/Library/Application Support/Zotero/Profiles/i8zmk51x.default/zotero/storage/V6KJNNEZ/V6KJNNEZ.pdf:application/pdf;Snapshot:/Users/benjamin/Library/Application Support/Zotero/Profiles/i8zmk51x.default/zotero/storage/4ASEZGFR/citation.html:text/html}
}

@article{thomas_majority_1979,
  title = {A Majority Consensus Approach to Concurrency Control for Multiple Copy Databases},
  volume = {4},
  timestamp = {2016-08-30T14:25:59Z},
  number = {2},
  urldate = {2016-08-30},
  journal = {ACM Transactions on Database Systems (TODS)},
  author = {Thomas, Robert H.},
  year = {1979},
  pages = {180--209},
  file = {[PDF] dtic.mil:/Users/benjamin/Library/Application Support/Zotero/Profiles/i8zmk51x.default/zotero/storage/Q6C4GQPR/Thomas - 1979 - A majority consensus approach to concurrency contr.pdf:application/pdf;Snapshot:/Users/benjamin/Library/Application Support/Zotero/Profiles/i8zmk51x.default/zotero/storage/UXHF2T9K/citation.html:text/html}
}

@inproceedings{bailis_potential_2012,
  title = {The Potential Dangers of Causal Consistency and an Explicit Solution},
  timestamp = {2016-02-12T17:07:42Z},
  urldate = {2016-02-12},
  booktitle = {Proceedings of the {{Third ACM Symposium}} on {{Cloud Computing}}},
  publisher = {{ACM}},
  author = {Bailis, Peter and Fekete, Alan and Ghodsi, Ali and Hellerstein, Joseph M. and Stoica, Ion},
  year = {2012},
  pages = {22},
  file = {[PDF] from kelehers.me:/Users/benjamin/Library/Application Support/Zotero/Profiles/i8zmk51x.default/zotero/storage/EPIUBHBP/EPIUBHBP.pdf:application/pdf;Snapshot:/Users/benjamin/Library/Application Support/Zotero/Profiles/i8zmk51x.default/zotero/storage/JU2V4PV4/citation.html:text/html}
}

@inproceedings{bermbach_eventual_2011,
  title = {Eventual Consistency: {{How}} Soon Is Eventual? {{An}} Evaluation of {{Amazon S3}}'s Consistency Behavior},
  shorttitle = {Eventual Consistency},
  timestamp = {2016-02-12T17:10:36Z},
  urldate = {2016-02-12},
  booktitle = {Proceedings of the 6th {{Workshop}} on {{Middleware}} for {{Service Oriented Computing}}},
  publisher = {{ACM}},
  author = {Bermbach, David and Tai, Stefan},
  year = {2011},
  pages = {1},
  file = {[PDF] from researchgate.net:/Users/benjamin/Library/Application Support/Zotero/Profiles/i8zmk51x.default/zotero/storage/HAUQIC3B/HAUQIC3B.pdf:application/pdf;Snapshot:/Users/benjamin/Library/Application Support/Zotero/Profiles/i8zmk51x.default/zotero/storage/IS7TJ2G9/citation.html:text/html}
}

@inproceedings{ongaro_search_2014,
  title = {In Search of an Understandable Consensus Algorithm},
  timestamp = {2016-05-02T18:51:57Z},
  urldate = {2016-05-01},
  booktitle = {2014 {{USENIX Annual Technical Conference}} ({{USENIX ATC}} 14)},
  author = {Ongaro, Diego and Ousterhout, John},
  year = {2014},
  pages = {305--319},
  file = {raft.pdf:/Users/benjamin/Library/Application Support/Zotero/Profiles/i8zmk51x.default/zotero/storage/WFQ5VNT6/raft.pdf:application/pdf;Snapshot:/Users/benjamin/Library/Application Support/Zotero/Profiles/i8zmk51x.default/zotero/storage/KSZZBIN9/ongaro.html:text/html}
}

@incollection{li_hierarchical_2014,
  title = {Hierarchical Eventual Leader Election for Dynamic Systems},
  timestamp = {2016-05-04T15:04:26Z},
  urldate = {2016-05-04},
  booktitle = {Algorithms and {{Architectures}} for {{Parallel Processing}}},
  publisher = {{Springer}},
  author = {Li, Huaguan and Wu, Weigang and Zhou, Yu},
  year = {2014},
  pages = {338--351},
  file = {Snapshot:/Users/benjamin/Library/Application Support/Zotero/Profiles/i8zmk51x.default/zotero/storage/F2AHKTCI/978-3-319-11197-1_26.html:text/html}
}

@article{bailis_probabilistically_2012,
  title = {Probabilistically Bounded Staleness for Practical Partial Quorums},
  volume = {5},
  timestamp = {2016-01-04T19:48:40Z},
  number = {8},
  urldate = {2016-01-04},
  journal = {Proceedings of the VLDB Endowment},
  author = {Bailis, Peter and Venkataraman, Shivaram and Franklin, Michael J. and Hellerstein, Joseph M. and Stoica, Ion},
  year = {2012},
  pages = {776--787},
  file = {[PDF] from arxiv.org:/Users/benjamin/Library/Application Support/Zotero/Profiles/i8zmk51x.default/zotero/storage/HZCTDXV8/Bailis et al. - 2012 - Probabilistically bounded staleness for practical .pdf:application/pdf;Snapshot:/Users/benjamin/Library/Application Support/Zotero/Profiles/i8zmk51x.default/zotero/storage/MNX52TTT/citation.html:text/html}
}

@article{liu_warranties_2014,
  title = {Warranties for Faster Strong Consistency},
  timestamp = {2016-05-02T18:52:04Z},
  urldate = {2016-01-08},
  journal = {Proc. of the 11th USENIX NSDI},
  author = {Liu, Jed and Magrino, Tom and Arden, Owen and George, Michael D. and Myers, Andrew C.},
  year = {2014},
  file = {[PDF] from usenix.org:/Users/benjamin/Library/Application Support/Zotero/Profiles/i8zmk51x.default/zotero/storage/G96QJCPZ/Liu et al. - 2014 - Warranties for faster strong consistency.pdf:application/pdf}
}

@article{mazieres_stellar_2015,
  title = {The Stellar Consensus Protocol: {{A}} Federated Model for Internet-Level Consensus},
  shorttitle = {The Stellar Consensus Protocol},
  timestamp = {2016-05-02T18:51:53Z},
  urldate = {2016-02-04},
  journal = {Draft, Stellar Development Foundation, 15th May, available at: https://www. stellar. org/papers/stellarconsensus-protocol. pdf (accessed 23rd May, 2015)},
  author = {Mazieres, David},
  year = {2015},
  file = {stellar-consensus-protocol.pdf:/Users/benjamin/Library/Application Support/Zotero/Profiles/i8zmk51x.default/zotero/storage/B3ERKJHX/stellar-consensus-protocol.pdf:application/pdf}
}

@inproceedings{venkataramani_operating_2002,
  title = {Operating System Support for Massive Replication},
  timestamp = {2016-03-31T10:58:02Z},
  urldate = {2016-03-31},
  booktitle = {Proceedings of the 10th Workshop on {{ACM SIGOPS European}} Workshop},
  publisher = {{ACM}},
  author = {Venkataramani, Arun and Kokku, Ravi and Dahlin, Mike},
  year = {2002},
  pages = {227--230},
  file = {massive-replication.pdf:/Users/benjamin/Library/Application Support/Zotero/Profiles/i8zmk51x.default/zotero/storage/GMJ7MNA9/massive-replication.pdf:application/pdf;Snapshot:/Users/benjamin/Library/Application Support/Zotero/Profiles/i8zmk51x.default/zotero/storage/HM9KPTUX/citation.html:text/html}
}

@inproceedings{moraru_there_2013,
  title = {There Is More Consensus in Egalitarian Parliaments},
  timestamp = {2016-05-02T18:51:51Z},
  urldate = {2016-04-27},
  booktitle = {Proceedings of the {{Twenty}}-{{Fourth ACM Symposium}} on {{Operating Systems Principles}}},
  publisher = {{ACM}},
  author = {Moraru, Iulian and Andersen, David G. and Kaminsky, Michael},
  year = {2013},
  pages = {358--372},
  file = {[PDF] from cmu.edu:/Users/benjamin/Library/Application Support/Zotero/Profiles/i8zmk51x.default/zotero/storage/DB5FRJUT/DB5FRJUT.pdf:application/pdf;Snapshot:/Users/benjamin/Library/Application Support/Zotero/Profiles/i8zmk51x.default/zotero/storage/4BR6WIEA/citation.html:text/html}
}

@inproceedings{moraru_egalitarian_2012,
  title = {Egalitarian Paxos},
  timestamp = {2016-05-02T18:51:49Z},
  urldate = {2016-04-27},
  booktitle = {{{ACM Symposium}} on {{Operating Systems Principles}}},
  author = {Moraru, Iulian and Andersen, David G. and Kaminsky, Michael},
  year = {2012},
  file = {[PDF] from usenix.org:/Users/benjamin/Library/Application Support/Zotero/Profiles/i8zmk51x.default/zotero/storage/KNU6GNM5/Moraru et al. - 2012 - Egalitarian paxos.pdf:application/pdf}
}

@article{lamport_fast_2006,
  title = {Fast Paxos},
  volume = {19},
  timestamp = {2016-05-02T18:51:50Z},
  number = {2},
  urldate = {2016-04-27},
  journal = {Distributed Computing},
  author = {Lamport, Leslie},
  year = {2006},
  pages = {79--103},
  file = {[PDF] from microsoft.com:/Users/benjamin/Library/Application Support/Zotero/Profiles/i8zmk51x.default/zotero/storage/RFER345B/Lamport - 2006 - Fast paxos.pdf:application/pdf;Snapshot:/Users/benjamin/Library/Application Support/Zotero/Profiles/i8zmk51x.default/zotero/storage/3X7TM9XF/s00446-006-0005-x.html:text/html}
}

@article{howard_raft_2015,
  title = {Raft Refloated: Do We Have Consensus?},
  volume = {49},
  shorttitle = {Raft Refloated},
  timestamp = {2016-05-02T18:51:38Z},
  number = {1},
  urldate = {2016-04-27},
  journal = {ACM SIGOPS Operating Systems Review},
  author = {Howard, Heidi and Schwarzkopf, Malte and Madhavapeddy, Anil and Crowcroft, Jon},
  year = {2015},
  pages = {12--21},
  file = {[PDF] from cam.ac.uk:/Users/benjamin/Library/Application Support/Zotero/Profiles/i8zmk51x.default/zotero/storage/9MU3AMIE/9MU3AMIE.pdf:application/pdf;Snapshot:/Users/benjamin/Library/Application Support/Zotero/Profiles/i8zmk51x.default/zotero/storage/XVH7AZ2V/citation.html:text/html}
}

@article{herlihy_linearizability:_1990,
  title = {Linearizability: {{A}} Correctness Condition for Concurrent Objects},
  volume = {12},
  shorttitle = {Linearizability},
  timestamp = {2016-04-29T02:35:09Z},
  number = {3},
  urldate = {2016-04-27},
  journal = {ACM Transactions on Programming Languages and Systems (TOPLAS)},
  author = {Herlihy, Maurice P. and Wing, Jeannette M.},
  year = {1990},
  pages = {463--492},
  file = {[PDF] from ic.ac.uk:/Users/benjamin/Library/Application Support/Zotero/Profiles/i8zmk51x.default/zotero/storage/U5GJKTM5/Herlihy and Wing - 1990 - Linearizability A correctness condition for concu.pdf:application/pdf;Snapshot:/Users/benjamin/Library/Application Support/Zotero/Profiles/i8zmk51x.default/zotero/storage/P59MG35M/citation.html:text/html}
}

@article{ahamad_causal_1990,
  title = {Causal Memory: {{Definitions}}, Implementation and Programming},
  volume = {1},
  shorttitle = {Causal Memory},
  timestamp = {2016-04-27T16:05:31Z},
  urldate = {2016-04-27},
  journal = {IEEE Transactions on Parallel and Distributed Systems},
  author = {Ahamad, Mustaque and Neiger, Gil and Kohli, Prince and Burns, James and Hutto, Phil and Anderson, T. E.},
  year = {1990},
  pages = {6--16}
}

@inproceedings{almeida_version_2002,
  title = {Version Stamps-Decentralized Version Vectors},
  timestamp = {2016-08-31T17:29:17Z},
  urldate = {2016-08-31},
  booktitle = {Distributed {{Computing Systems}}, 2002. {{Proceedings}}. 22nd {{International Conference}} on},
  publisher = {{IEEE}},
  author = {Almeida, Paulo S{\'e}rgio and Baquero, Carlos and Fonte, Victor},
  year = {2002},
  pages = {544--551},
  file = {[PDF] uminho.pt:/Users/benjamin/Library/Application Support/Zotero/Profiles/i8zmk51x.default/zotero/storage/I6S5JP8I/Almeida et al. - 2002 - Version stamps-decentralized version vectors.pdf:application/pdf;Snapshot:/Users/benjamin/Library/Application Support/Zotero/Profiles/i8zmk51x.default/zotero/storage/43R3AJE6/1022304.html:text/html}
}

@article{schneider_implementing_1990,
  title = {Implementing Fault-Tolerant Services Using the State Machine Approach: {{A}} Tutorial},
  volume = {22},
  shorttitle = {Implementing Fault-Tolerant Services Using the State Machine Approach},
  timestamp = {2016-05-27T11:29:55Z},
  number = {4},
  urldate = {2016-05-27},
  journal = {ACM Computing Surveys (CSUR)},
  author = {Schneider, Fred B.},
  year = {1990},
  pages = {299--319},
  file = {[PDF] from umn.edu:/Users/benjamin/Library/Application Support/Zotero/Profiles/i8zmk51x.default/zotero/storage/BSM24PG3/Schneider - 1990 - Implementing fault-tolerant services using the sta.pdf:application/pdf;Snapshot:/Users/benjamin/Library/Application Support/Zotero/Profiles/i8zmk51x.default/zotero/storage/SXJVKDBH/citation.html:text/html}
}

@inproceedings{keleher1999decentralized,
  title = {Decentralized Replicated-Object Protocols},
  timestamp = {2016-08-08T15:14:06Z},
  booktitle = {Proceedings of the Eighteenth Annual {{ACM}} Symposium on {{Principles}} of Distributed Computing},
  publisher = {{ACM}},
  author = {Keleher, Peter J},
  year = {1999},
  pages = {143--151},
  file = {keleher_keleher-podc99.pdf:/Users/benjamin/Library/Application Support/Zotero/Profiles/i8zmk51x.default/zotero/storage/2K68H62C/2K68H62C.pdf:application/pdf;2K68H62C.pdf:/Users/benjamin/Library/Application Support/Zotero/Profiles/i8zmk51x.default/zotero/storage/DV573S9U/2K68H62C.pdf:application/pdf}
}

@inproceedings{biely_s-paxos:_2012,
  title = {S-Paxos: {{Offloading}} the Leader for High Throughput State Machine Replication},
  shorttitle = {S-Paxos},
  timestamp = {2016-05-03T13:20:10Z},
  urldate = {2016-05-03},
  booktitle = {Reliable {{Distributed Systems}} ({{SRDS}}), 2012 {{IEEE}} 31st {{Symposium}} on},
  publisher = {{IEEE}},
  author = {Biely, Martin and Milosevic, Zoran and Santos, Nuno and Schiper, Andre},
  year = {2012},
  pages = {111--120},
  file = {[PDF] from computer.org:/Users/benjamin/Library/Application Support/Zotero/Profiles/i8zmk51x.default/zotero/storage/RS45H9V4/Biely et al. - 2012 - S-paxos Offloading the leader for high throughput.pdf:application/pdf;Snapshot:/Users/benjamin/Library/Application Support/Zotero/Profiles/i8zmk51x.default/zotero/storage/GBQ352H8/login.html:text/html}
}

@inproceedings{camargos_multicoordinated_2007,
  title = {Multicoordinated Paxos},
  timestamp = {2016-05-03T13:20:45Z},
  urldate = {2016-05-03},
  booktitle = {Proceedings of the Twenty-Sixth Annual {{ACM}} Symposium on {{Principles}} of Distributed Computing},
  publisher = {{ACM}},
  author = {Camargos, L{\'a}saro Jonas and Schmidt, Rodrigo Malta and Pedone, Fernando},
  year = {2007},
  pages = {316--317},
  file = {[PDF] from rero.ch:/Users/benjamin/Library/Application Support/Zotero/Profiles/i8zmk51x.default/zotero/storage/SN7ID2ET/Camargos et al. - 2007 - Multicoordinated paxos.pdf:application/pdf;Snapshot:/Users/benjamin/Library/Application Support/Zotero/Profiles/i8zmk51x.default/zotero/storage/R73RTQM4/citation.html:text/html}
}

@techreport{lamport_generalized_2005,
  title = {Generalized Consensus and {{Paxos}}},
  timestamp = {2016-05-03T13:22:47Z},
  urldate = {2016-05-03},
  institution = {Technical Report MSR-TR-2005-33, Microsoft Research},
  author = {Lamport, Leslie},
  year = {2005},
  file = {[PDF] from yale.edu:/Users/benjamin/Library/Application Support/Zotero/Profiles/i8zmk51x.default/zotero/storage/PKXC9RBK/Lamport - 2005 - Generalized consensus and Paxos.pdf:application/pdf}
}

@article{chang_bigtable:_2008,
  title = {Bigtable: {{A}} Distributed Storage System for Structured Data},
  volume = {26},
  shorttitle = {Bigtable},
  timestamp = {2016-05-03T13:32:15Z},
  number = {2},
  urldate = {2016-05-03},
  journal = {ACM Transactions on Computer Systems (TOCS)},
  author = {Chang, Fay and Dean, Jeffrey and Ghemawat, Sanjay and Hsieh, Wilson C. and Wallach, Deborah A. and Burrows, Mike and Chandra, Tushar and Fikes, Andrew and Gruber, Robert E.},
  year = {2008},
  pages = {4},
  file = {Snapshot:/Users/benjamin/Library/Application Support/Zotero/Profiles/i8zmk51x.default/zotero/storage/DJJPRWGK/citation.html:text/html;[HTML] from usenix.org:/Users/benjamin/Library/Application Support/Zotero/Profiles/i8zmk51x.default/zotero/storage/ENQ2TKPD/chang_html.html:text/html}
}

@incollection{lampson_how_1996,
  title = {How to Build a Highly Available System Using Consensus},
  timestamp = {2016-05-03T13:33:27Z},
  urldate = {2016-05-03},
  booktitle = {Distributed {{Algorithms}}},
  publisher = {{Springer}},
  author = {Lampson, Butler W.},
  year = {1996},
  pages = {1--17},
  file = {[HTML] from microsoft.com:/Users/benjamin/Library/Application Support/Zotero/Profiles/i8zmk51x.default/zotero/storage/2X29TEIA/webpage.html:text/html;Snapshot:/Users/benjamin/Library/Application Support/Zotero/Profiles/i8zmk51x.default/zotero/storage/SAX53J63/3-540-61769-8_1.html:text/html}
}

@article{mazieres_paxos_2007,
  title = {Paxos Made Practical},
  timestamp = {2016-05-03T13:34:00Z},
  urldate = {2016-05-03},
  journal = {Unpublished manuscript},
  author = {Mazieres, David},
  year = {2007},
  file = {[PDF] from harvard.edu:/Users/benjamin/Library/Application Support/Zotero/Profiles/i8zmk51x.default/zotero/storage/ES8497X5/Mazieres - 2007 - Paxos made practical.pdf:application/pdf}
}

@inproceedings{agrawal1990tree,
  title = {The {{Tree Quorum Protocol}}: {{An Efficient Approach}} for {{Managing Replicated Data}}.},
  volume = {90},
  timestamp = {2016-08-08T19:44:37Z},
  booktitle = {{{VLDB}}},
  author = {Agrawal, Divyakant and El Abbadi, Amr},
  year = {1990},
  pages = {243--254},
  file = {tree-quorum-1990.pdf:/Users/benjamin/Library/Application Support/Zotero/Profiles/i8zmk51x.default/zotero/storage/M8IFZUP4/tree-quorum-1990.pdf:application/pdf}
}

@article{parker_detection_1983,
  title = {Detection of Mutual Inconsistency in Distributed Systems},
  timestamp = {2016-08-31T17:35:14Z},
  number = {3},
  urldate = {2016-08-31},
  journal = {IEEE transactions on Software Engineering},
  author = {Parker, D. Stott and Popek, Gerald J. and Rudisin, Gerard and Stoughton, Allen and Walker, Bruce J. and Walton, Evelyn and Chow, Johanna M. and Edwards, David and Kiser, Stephen and Kline, Charles},
  year = {1983},
  pages = {240--247},
  file = {[PDF] yale.edu:/Users/benjamin/Library/Application Support/Zotero/Profiles/i8zmk51x.default/zotero/storage/NNQU3G2M/Parker et al. - 1983 - Detection of mutual inconsistency in distributed s.pdf:application/pdf;Snapshot:/Users/benjamin/Library/Application Support/Zotero/Profiles/i8zmk51x.default/zotero/storage/2ERS6ARX/1703051.html:text/html}
}

@inproceedings{zhang_hierarchical_2007,
  title = {Hierarchical Replication Control in a Global File System},
  timestamp = {2016-08-08T19:43:42Z},
  urldate = {2016-08-08},
  booktitle = {Seventh {{IEEE International Symposium}} on {{Cluster Computing}} and the {{Grid}} ({{CCGrid}}'07)},
  publisher = {{IEEE}},
  author = {Zhang, Jiaying and Honeyman, Peter},
  year = {2007},
  pages = {155--162},
  file = {Snapshot:/Users/benjamin/Library/Application Support/Zotero/Profiles/i8zmk51x.default/zotero/storage/X3IIAUB9/login.html:text/html}
}

@inproceedings{agrawal_mixed_1994,
  title = {Mixed Consistency: A Model for Parallel Programming},
  shorttitle = {Mixed Consistency},
  timestamp = {2016-08-09T10:57:07Z},
  urldate = {2016-08-09},
  booktitle = {Proceedings of the Thirteenth Annual {{ACM}} Symposium on {{Principles}} of Distributed Computing},
  publisher = {{ACM}},
  author = {Agrawal, Divyakant and Choy, Manhoi and Va Leong, Hong and Singh, Ambuj K.},
  year = {1994},
  pages = {101--110},
  file = {[PDF] psu.edu:/Users/benjamin/Library/Application Support/Zotero/Profiles/i8zmk51x.default/zotero/storage/MPE4MM4W/Agrawal et al. - 1994 - Mixed consistency a model for parallel programmin.pdf:application/pdf;Snapshot:/Users/benjamin/Library/Application Support/Zotero/Profiles/i8zmk51x.default/zotero/storage/I5KQNPJZ/citation.html:text/html}
}

@inproceedings{al-ekram_multi-consistency_2010,
  title = {Multi-Consistency Data Replication},
  timestamp = {2016-08-09T11:06:42Z},
  urldate = {2016-08-09},
  booktitle = {Parallel and {{Distributed Systems}} ({{ICPADS}}), 2010 {{IEEE}} 16th {{International Conference}} on},
  publisher = {{IEEE}},
  author = {Al-Ekram, Raihan and Holt, Ric},
  year = {2010},
  pages = {568--577},
  file = {05695649.pdf:/Users/benjamin/Library/Application Support/Zotero/Profiles/i8zmk51x.default/zotero/storage/6ZCWDRMX/6ZCWDRMX.pdf:application/pdf;Snapshot:/Users/benjamin/Library/Application Support/Zotero/Profiles/i8zmk51x.default/zotero/storage/NG2NAZV7/login.html:text/html}
}

@inproceedings{afek_quasi-linearizability:_2010,
  title = {Quasi-Linearizability: {{Relaxed}} Consistency for Improved Concurrency},
  shorttitle = {Quasi-Linearizability},
  timestamp = {2016-08-09T11:28:56Z},
  urldate = {2016-08-09},
  booktitle = {International {{Conference}} on {{Principles}} of {{Distributed Systems}}},
  publisher = {{Springer}},
  author = {Afek, Yehuda and Korland, Guy and Yanovsky, Eitan},
  year = {2010},
  pages = {395--410},
  file = {[PDF] velox-project.eu:/Users/benjamin/Library/Application Support/Zotero/Profiles/i8zmk51x.default/zotero/storage/6WFXFK7K/Afek et al. - 2010 - Quasi-linearizability Relaxed consistency for imp.pdf:application/pdf;Snapshot:/Users/benjamin/Library/Application Support/Zotero/Profiles/i8zmk51x.default/zotero/storage/A929S7HK/10.html:text/html}
}

@incollection{bermbach_consistency_2013,
  title = {Consistency in Distributed Storage Systems},
  timestamp = {2016-08-09T11:29:52Z},
  urldate = {2016-08-09},
  booktitle = {Networked {{Systems}}},
  publisher = {{Springer}},
  author = {Bermbach, David and Kuhlenkamp, J{\"o}rn},
  year = {2013},
  pages = {175--189},
  file = {[PDF] kit.edu:/Users/benjamin/Library/Application Support/Zotero/Profiles/i8zmk51x.default/zotero/storage/CX63RGEC/CX63RGEC.pdf:application/pdf;Snapshot:/Users/benjamin/Library/Application Support/Zotero/Profiles/i8zmk51x.default/zotero/storage/P88RTVUC/978-3-642-40148-0_13.html:text/html}
}

@article{yu_design_2002,
  title = {Design and Evaluation of a Conit-Based Continuous Consistency Model for Replicated Services},
  volume = {20},
  timestamp = {2016-08-09T11:32:53Z},
  number = {3},
  urldate = {2016-08-09},
  journal = {ACM Transactions on Computer Systems (TOCS)},
  author = {Yu, Haifeng and Vahdat, Amin},
  year = {2002},
  pages = {239--282},
  file = {[PDF] nus.edu.sg:/Users/benjamin/Library/Application Support/Zotero/Profiles/i8zmk51x.default/zotero/storage/DNHMXKXV/Yu and Vahdat - 2002 - Design and evaluation of a conit-based continuous .pdf:application/pdf;Snapshot:/Users/benjamin/Library/Application Support/Zotero/Profiles/i8zmk51x.default/zotero/storage/UV4RTNWV/citation.html:text/html}
}

@inproceedings{chihoub_consistency_2013,
  title = {Consistency in the Cloud: {{When}} Money Does Matter!},
  shorttitle = {Consistency in the Cloud},
  timestamp = {2016-08-09T11:36:55Z},
  urldate = {2016-08-09},
  booktitle = {Cluster, {{Cloud}} and {{Grid Computing}} ({{CCGrid}}), 2013 13th {{IEEE}}/{{ACM International Symposium}} on},
  publisher = {{IEEE}},
  author = {Chihoub, Houssem-Eddine and Ibrahim, Shadi and Antoniu, Gabriel and Perez, Maria S.},
  year = {2013},
  pages = {352--359},
  file = {[PDF] inria.fr:/Users/benjamin/Library/Application Support/Zotero/Profiles/i8zmk51x.default/zotero/storage/H5BBTGGD/Chihoub et al. - 2013 - Consistency in the cloud When money does matter!.pdf:application/pdf;Snapshot:/Users/benjamin/Library/Application Support/Zotero/Profiles/i8zmk51x.default/zotero/storage/AQVPV3GB/login.html:text/html}
}

@inproceedings{chihoub_harmony:_2012,
  title = {Harmony: {{Towards}} Automated Self-Adaptive Consistency in Cloud Storage},
  shorttitle = {Harmony},
  timestamp = {2016-08-09T11:37:10Z},
  urldate = {2016-08-09},
  booktitle = {2012 {{IEEE International Conference}} on {{Cluster Computing}}},
  publisher = {{IEEE}},
  author = {Chihoub, Houssem-Eddine and Ibrahim, Shadi and Antoniu, Gabriel and Perez, Maria S.},
  year = {2012},
  pages = {293--301},
  file = {[PDF] archives-ouvertes.fr:/Users/benjamin/Library/Application Support/Zotero/Profiles/i8zmk51x.default/zotero/storage/XNAE7WMI/XNAE7WMI.pdf:application/pdf;Snapshot:/Users/benjamin/Library/Application Support/Zotero/Profiles/i8zmk51x.default/zotero/storage/UST355SD/login.html:text/html}
}

@article{kraska_consistency_2009,
  title = {Consistency Rationing in the Cloud: Pay Only When It Matters},
  volume = {2},
  shorttitle = {Consistency Rationing in the Cloud},
  timestamp = {2016-08-09T11:50:59Z},
  number = {1},
  urldate = {2016-08-09},
  journal = {Proceedings of the VLDB Endowment},
  author = {Kraska, Tim and Hentschel, Martin and Alonso, Gustavo and Kossmann, Donald},
  year = {2009},
  pages = {253--264},
  file = {[PDF] brown.edu:/Users/benjamin/Library/Application Support/Zotero/Profiles/i8zmk51x.default/zotero/storage/K5CZ3RE8/Kraska et al. - 2009 - Consistency rationing in the cloud pay only when .pdf:application/pdf;Snapshot:/Users/benjamin/Library/Application Support/Zotero/Profiles/i8zmk51x.default/zotero/storage/I3C4QFQV/citation.html:text/html}
}

@inproceedings{li_making_2012,
  title = {Making Geo-Replicated Systems Fast as Possible, Consistent When Necessary},
  timestamp = {2016-08-09T11:54:48Z},
  urldate = {2016-08-09},
  booktitle = {Presented as Part of the 10th {{USENIX Symposium}} on {{Operating Systems Design}} and {{Implementation}} ({{OSDI}} 12)},
  author = {Li, Cheng and Porto, Daniel and Clement, Allen and Gehrke, Johannes and Pregui{\c c}a, Nuno and Rodrigues, Rodrigo},
  year = {2012},
  pages = {265--278},
  file = {[PDF] usenix.org:/Users/benjamin/Library/Application Support/Zotero/Profiles/i8zmk51x.default/zotero/storage/M73QI9I8/Li et al. - 2012 - Making geo-replicated systems fast as possible, co.pdf:application/pdf;Snapshot:/Users/benjamin/Library/Application Support/Zotero/Profiles/i8zmk51x.default/zotero/storage/GIWSEIPE/li.html:text/html}
}

@inproceedings{karp_randomized_2000,
  title = {Randomized Rumor Spreading},
  timestamp = {2016-08-19T18:33:39Z},
  urldate = {2016-08-19},
  booktitle = {Foundations of {{Computer Science}}, 2000. {{Proceedings}}. 41st {{Annual Symposium}} on},
  publisher = {{IEEE}},
  author = {Karp, Richard and Schindelhauer, Christian and Shenker, Scott and Vocking, Berthold},
  year = {2000},
  pages = {565--574},
  file = {[PDF] psu.edu:/Users/benjamin/Library/Application Support/Zotero/Profiles/i8zmk51x.default/zotero/storage/EKD5ADAT/Karp et al. - 2000 - Randomized rumor spreading.pdf:application/pdf;Snapshot:/Users/benjamin/Library/Application Support/Zotero/Profiles/i8zmk51x.default/zotero/storage/MK9WDHHK/abs_all.html:text/html}
}

@inproceedings{kempe_gossip-based_2003,
  title = {Gossip-Based Computation of Aggregate Information},
  timestamp = {2016-08-19T18:34:17Z},
  urldate = {2016-08-19},
  booktitle = {Foundations of {{Computer Science}}, 2003. {{Proceedings}}. 44th {{Annual IEEE Symposium}} on},
  publisher = {{IEEE}},
  author = {Kempe, David and Dobra, Alin and Gehrke, Johannes},
  year = {2003},
  pages = {482--491},
  file = {[PDF] nus.edu.sg:/Users/benjamin/Library/Application Support/Zotero/Profiles/i8zmk51x.default/zotero/storage/VMXDQJ8K/VMXDQJ8K.pdf:application/pdf;Snapshot:/Users/benjamin/Library/Application Support/Zotero/Profiles/i8zmk51x.default/zotero/storage/QV865JZG/abs_all.html:text/html}
}

@article{2016arXiv160806696H,
  title = {Flexible {{Paxos}}: {{Quorum}} Intersection Revisited},
  timestamp = {2016-08-26T17:55:15Z},
  journal = {ArXiv e-prints},
  author = {Howard, H. and Malkhi, D. and Spiegelman, A.},
  month = aug,
  year = {2016},
  keywords = {and Cluster Computing,C.2.4,Computer Science - Distributed,Parallel},
  file = {1608.06696v1.pdf:/Users/benjamin/Library/Application Support/Zotero/Profiles/i8zmk51x.default/zotero/storage/4ADMETFS/1608.06696v1.pdf:application/pdf},
  archiveprefix = {arXiv},
  primaryclass = {cs.DC},
  adsurl = {http://adsabs.harvard.edu/abs/2016arXiv160806696H},
  adsnote = {Provided by the SAO/NASA Astrophysics Data System}
}

@article{globalfs,
  title = {{{GlobalFS}}: {{A Strongly Consistent Multi}}-{{Site File System}}},
  shorttitle = {{{GlobalFS}}},
  timestamp = {2016-11-22T21:10:53Z},
  urldate = {2016-08-29},
  author = {Pacheco, Leandro and Halalai, Raluca and Schiavoni, Valerio and Pedone, Fernando and Riviere, Etienne and Felber, Pascal},
  file = {[PDF] usi.ch:/Users/benjamin/Library/Application Support/Zotero/Profiles/i8zmk51x.default/zotero/storage/BEWT254V/Pacheco et al. - GlobalFS A Strongly Consistent Multi-Site File Sy.pdf:application/pdf}
}

@article{miorandi_internet_2012,
  title = {Internet of Things: {{Vision}}, Applications and Research Challenges},
  volume = {10},
  shorttitle = {Internet of Things},
  timestamp = {2016-10-12T19:32:41Z},
  number = {7},
  urldate = {2016-10-12},
  journal = {Ad Hoc Networks},
  author = {Miorandi, Daniele and Sicari, Sabrina and De Pellegrini, Francesco and Chlamtac, Imrich},
  year = {2012},
  pages = {1497--1516},
  file = {[PDF] uninsubria.it:/Users/benjamin/Library/Application Support/Zotero/Profiles/i8zmk51x.default/zotero/storage/D85V9AQK/Miorandi et al. - 2012 - Internet of things Vision, applications and resea.pdf:application/pdf;Snapshot:/Users/benjamin/Library/Application Support/Zotero/Profiles/i8zmk51x.default/zotero/storage/XKTHWEBS/S1570870512000674.html:text/html}
}

@book{kuenning_automated_1997,
  title = {Automated Hoarding for Mobile Computers},
  volume = {31},
  timestamp = {2016-10-18T19:00:18Z},
  number = {5},
  urldate = {2016-10-18},
  publisher = {{ACM}},
  author = {Kuenning, Geoffrey H. and Popek, Gerald J.},
  year = {1997},
  file = {[PDF] psu.edu:/Users/benjamin/Library/Application Support/Zotero/Profiles/i8zmk51x.default/zotero/storage/IWTZENAU/Kuenning and Popek - 1997 - Automated hoarding for mobile computers.pdf:application/pdf;Snapshot:/Users/benjamin/Library/Application Support/Zotero/Profiles/i8zmk51x.default/zotero/storage/DFPVZSCX/citation.html:text/html}
}

@inproceedings{guerraoui_consistency_2002,
  title = {On the Consistency Problem in Mobile Distributed Computing},
  timestamp = {2016-10-20T04:08:58Z},
  urldate = {2016-10-20},
  booktitle = {Proceedings of the Second {{ACM}} International Workshop on {{Principles}} of Mobile Computing},
  publisher = {{ACM}},
  author = {Guerraoui, Rachid and Hari, Corine},
  year = {2002},
  pages = {51--57},
  file = {[PDF] epfl.ch:/Users/benjamin/Library/Application Support/Zotero/Profiles/i8zmk51x.default/zotero/storage/8VCB7CRD/Guerraoui and Hari - 2002 - On the consistency problem in mobile distributed c.pdf:application/pdf;Snapshot:/Users/benjamin/Library/Application Support/Zotero/Profiles/i8zmk51x.default/zotero/storage/DJAFGFQ2/citation.html:text/html}
}

@book{tanenbaum_distributed_2007,
  title = {Distributed Systems},
  timestamp = {2016-10-24T18:45:19Z},
  urldate = {2016-10-24},
  publisher = {{Prentice-Hall}},
  author = {Tanenbaum, Andrew S. and Van Steen, Maarten},
  year = {2007},
  file = {[PDF] cern.ch:/Users/benjamin/Library/Application Support/Zotero/Profiles/i8zmk51x.default/zotero/storage/D2DZUQVC/Tanenbaum and Van Steen - 2007 - Distributed systems.pdf:application/pdf}
}

@article{mahajan2011consistency,
  title = {Consistency, Availability, and Convergence},
  volume = {11},
  timestamp = {2016-11-22T20:34:51Z},
  journal = {University of Texas at Austin Tech Report},
  author = {Mahajan, Prince and Alvisi, Lorenzo and Dahlin, Mike},
  year = {2011}
}

@inproceedings{alvaro2013consistency,
  title = {Consistency without Borders},
  timestamp = {2016-11-22T20:35:19Z},
  booktitle = {Proceedings of the 4th Annual {{Symposium}} on {{Cloud Computing}}},
  publisher = {{ACM}},
  author = {Alvaro, Peter and Bailis, Peter and Conway, Neil and Hellerstein, Joseph M},
  year = {2013},
  pages = {23}
}

@inproceedings{zawirski2015write,
  title = {Write Fast, Read in the Past: {{Causal}} Consistency for Client-Side Applications},
  timestamp = {2016-11-22T20:35:47Z},
  booktitle = {Proceedings of the 16th {{Annual Middleware Conference}}},
  publisher = {{ACM}},
  author = {Zawirski, Marek and Pregui\c{}ca, Nuno and Duarte, S{\'e}rgio and Bieniusa, Annette and Balegas, Valter and Shapiro, Marc},
  year = {2015},
  pages = {75--87}
}

@article{sequential-consistency,
  title = {How to Make a Multiprocessor Computer That Correctly Executes Multiprocess Programs},
  volume = {100},
  timestamp = {2016-11-22T20:39:46Z},
  number = {9},
  journal = {Computers, IEEE Transactions on},
  author = {Lamport, Leslie},
  year = {1979},
  pages = {690--691}
}

@article{paxos,
  title = {The Part-Time Parliament},
  volume = {16},
  timestamp = {2016-11-22T20:47:13Z},
  number = {2},
  journal = {ACM Transactions on Computer Systems (TOCS)},
  author = {Lamport, Leslie},
  year = {1998},
  pages = {133--169}
}

@article{afs,
  title = {Scale and Performance in a Distributed File System},
  volume = {6},
  timestamp = {2016-11-22T21:11:29Z},
  number = {1},
  journal = {ACM Transactions on Computer Systems},
  author = {Howard, J. and Kazar, M. and Menees, S. and Nichols, D. and Satyanarayanan, M. and Sidebotham, R. and West, M.},
  year = {1988},
  pages = {51--81}
}

@book{codaWeak,
  title = {Exploiting Weak Connectivity for Mobile File Access},
  volume = {29},
  timestamp = {2016-11-22T21:12:17Z},
  publisher = {{ACM}},
  author = {Mummert, Lily B and Ebling, Maria R and Satyanarayanan, Mahadev},
  year = {1995}
}

@inproceedings{calvinfs,
  title = {{{CalvinFS}}: Consistent Wan Replication and Scalable Metadata Management for Distributed File Systems},
  shorttitle = {{{CalvinFS}}},
  timestamp = {2016-11-22T21:34:59Z},
  urldate = {2016-11-22},
  booktitle = {13th {{USENIX Conference}} on {{File}} and {{Storage Technologies}} ({{FAST}} 15)},
  author = {Thomson, Alexander and Abadi, Daniel J.},
  year = {2015},
  pages = {1--14},
  file = {[PDF] usenix.org:/Users/benjamin/Library/Application Support/Zotero/Profiles/i8zmk51x.default/zotero/storage/4INRBPUV/Thomson and Abadi - 2015 - CalvinFS consistent wan replication and scalable .pdf:application/pdf;Snapshot:/Users/benjamin/Library/Application Support/Zotero/Profiles/i8zmk51x.default/zotero/storage/EGHNX8QJ/188413.html:text/html}
}

@article{evans1994overcoming,
  title = {Overcoming Process Delays with Decision Tree Induction},
  volume = {9},
  timestamp = {2016-11-22T22:14:56Z},
  number = {1},
  journal = {IEEE expert},
  author = {Evans, Bob and Fisher, Doug},
  year = {1994},
  pages = {60--66}
}

@inproceedings{oates_investigating_1998,
  title = {Investigating {{Evolutionary Approaches}} to {{Adaptive Database Management}} against {{Various Quality}} of {{Service Metrics}}},
  timestamp = {2016-11-22T22:14:57Z},
  urldate = {2016-11-16},
  booktitle = {International {{Conference}} on {{Parallel Problem Solving}} from {{Nature}}},
  publisher = {{Springer}},
  author = {Oates, Martin J. and Corne, David},
  year = {1998},
  pages = {775--784},
  file = {Snapshot:/Users/benjamin/Library/Application Support/Zotero/Profiles/i8zmk51x.default/zotero/storage/KFWAXNA5/BFb0056919.html:text/html}
}

@inproceedings{dokas_data_2002,
  title = {Data {{Mining}} for {{Network Intrusion Detection}}},
  timestamp = {2016-11-22T22:14:57Z},
  urldate = {2016-11-16},
  booktitle = {Proc. {{NSF Workshop}} on {{Next Generation Data Mining}}},
  author = {Dokas, Paul and Ertoz, Levent and Kumar, Vipin and Lazarevic, Aleksandar and Srivastava, Jaideep and Tan, Pang-Ning},
  year = {2002},
  pages = {21--30},
  file = {[PDF] umbc.edu:/Users/benjamin/Library/Application Support/Zotero/Profiles/i8zmk51x.default/zotero/storage/75EWGXZU/Dokas et al. - 2002 - Data mining for network intrusion detection.pdf:application/pdf}
}

@inproceedings{angiulli_fast_2002,
  title = {Fast {{Outlier Detection}} in {{High Dimensional Spaces}}},
  timestamp = {2016-11-22T22:14:58Z},
  urldate = {2016-11-16},
  booktitle = {European {{Conference}} on {{Principles}} of {{Data Mining}} and {{Knowledge Discovery}}},
  publisher = {{Springer}},
  author = {Angiulli, Fabrizio and Pizzuti, Clara},
  year = {2002},
  pages = {15--27},
  file = {[PDF] researchgate.net:/Users/benjamin/Library/Application Support/Zotero/Profiles/i8zmk51x.default/zotero/storage/5Q353CU3/Angiulli and Pizzuti - 2002 - Fast outlier detection in high dimensional spaces.pdf:application/pdf;Snapshot:/Users/benjamin/Library/Application Support/Zotero/Profiles/i8zmk51x.default/zotero/storage/RDPH66WB/3-540-45681-3_2.html:text/html}
}

@inproceedings{bouneffouf_contextual_2014,
  title = {Contextual {{Bandit}} for {{Active Learning}}: {{Active Thompson Sampling}}},
  shorttitle = {Contextual {{Bandit}} for {{Active Learning}}},
  timestamp = {2016-11-22T22:14:58Z},
  urldate = {2016-11-16},
  booktitle = {International {{Conference}} on {{Neural Information Processing}}},
  publisher = {{Springer}},
  author = {Bouneffouf, Djallel and Laroche, Romain and Urvoy, Tanguy and F{\'e}raud, Raphael and Allesiardo, Robin},
  year = {2014},
  pages = {405--412},
  file = {[PDF] archives-ouvertes.fr:/Users/benjamin/Library/Application Support/Zotero/Profiles/i8zmk51x.default/zotero/storage/98VUP8R2/Bouneffouf et al. - 2014 - Contextual bandit for active learning Active thom.pdf:application/pdf;Snapshot:/Users/benjamin/Library/Application Support/Zotero/Profiles/i8zmk51x.default/zotero/storage/3WV8VD9F/978-3-319-12637-1_51.html:text/html}
}

@inproceedings{osugi_balancing_2005,
  title = {Balancing {{Exploration}} and {{Exploitation}}: {{A New Algorithm}} for {{Active Machine Learning}}},
  shorttitle = {Balancing {{Exploration}} and {{Exploitation}}},
  timestamp = {2016-11-22T22:14:58Z},
  urldate = {2016-11-16},
  booktitle = {Fifth {{IEEE International Conference}} on {{Data Mining}} ({{ICDM}}'05)},
  publisher = {{IEEE}},
  author = {Osugi, Thomas and Kim, Deng and Scott, Stephen},
  year = {2005},
  pages = {8--pp},
  file = {[PDF] unl.edu:/Users/benjamin/Library/Application Support/Zotero/Profiles/i8zmk51x.default/zotero/storage/JMGDKJAZ/Osugi et al. - 2005 - Balancing exploration and exploitation A new algo.pdf:application/pdf;Snapshot:/Users/benjamin/Library/Application Support/Zotero/Profiles/i8zmk51x.default/zotero/storage/M2D4JCDN/1565696.html:text/html}
}

@article{kalai_efficient_2005,
  title = {Efficient {{Algorithms}} for {{Online Decision Problems}}},
  volume = {71},
  timestamp = {2016-11-22T22:14:59Z},
  number = {3},
  urldate = {2016-11-16},
  journal = {Journal of Computer and System Sciences},
  author = {Kalai, Adam and Vempala, Santosh},
  year = {2005},
  pages = {291--307},
  file = {[HTML] sciencedirect.com:/Users/benjamin/Library/Application Support/Zotero/Profiles/i8zmk51x.default/zotero/storage/3K3BVJZM/S0022000004001394.html:text/html}
}

@article{qian2010recognition,
  title = {Recognition of Human Activities Using {{SVM}} Multi-Class Classifier},
  volume = {31},
  timestamp = {2016-11-22T22:14:59Z},
  number = {2},
  journal = {Pattern Recognition Letters},
  author = {Qian, Huimin and Mao, Yaobin and Xiang, Wenbo and Wang, Zhiquan},
  year = {2010},
  pages = {100--111}
}

@inproceedings{bhattacharya2006latent,
  title = {A {{Latent Dirichlet Model}} for {{Unsupervised Entity Resolution}}.},
  volume = {5},
  timestamp = {2016-11-22T22:14:59Z},
  booktitle = {{{SDM}}},
  publisher = {{SIAM}},
  author = {Bhattacharya, Indrajit and Getoor, Lise},
  year = {2006},
  pages = {59}
}

@article{akyildiz2003interplanetary,
  title = {{{InterPlaNetary Internet}}: State-of-the-Art and Research Challenges},
  volume = {43},
  timestamp = {2016-11-22T22:17:30Z},
  number = {2},
  journal = {Computer Networks},
  author = {Akyildiz, Ian F and Akan, {\"O}zg{\"u}r B and Chen, Chao and Fang, Jian and Su, Weilian},
  year = {2003},
  pages = {75--112}
}

@article{clancy_applications_2007,
  title = {Applications of {{Machine Learning}} to {{Cognitive Radio Networks}}},
  volume = {14},
  timestamp = {2016-11-22T22:17:31Z},
  number = {4},
  urldate = {2016-11-14},
  journal = {IEEE Wireless Communications},
  author = {Clancy, Charles and Hecker, Joe and Stuntebeck, Erich and O'Shea, Tim},
  year = {2007},
  pages = {47--52},
  file = {[PDF] psu.edu:/Users/benjamin/Library/Application Support/Zotero/Profiles/i8zmk51x.default/zotero/storage/TN7GVWZ6/Clancy et al. - 2007 - Applications of machine learning to cognitive radi.pdf:application/pdf;Snapshot:/Users/benjamin/Library/Application Support/Zotero/Profiles/i8zmk51x.default/zotero/storage/CKUGRXZE/4300983.html:text/html}
}

@inproceedings{lauer_algorithm_2000,
  title = {An {{Algorithm}} for {{Distributed Reinforcement Learning}} in {{Cooperative Multi}}-{{Agent Systems}}},
  timestamp = {2016-11-22T22:17:31Z},
  urldate = {2016-11-14},
  booktitle = {In {{Proceedings}} of the {{Seventeenth International Conference}} on {{Machine Learning}}},
  publisher = {{Citeseer}},
  author = {Lauer, Martin and Riedmiller, Martin},
  year = {2000},
  file = {Snapshot:/Users/benjamin/Library/Application Support/Zotero/Profiles/i8zmk51x.default/zotero/storage/N4DATQWZ/summary.html:text/html}
}

@inproceedings{langford_epoch-greedy_2008,
  title = {The {{Epoch}}-{{Greedy Algorithm}} for {{Multi}}-{{Armed Bandits}} with {{Side Information}}},
  timestamp = {2016-11-22T22:17:31Z},
  urldate = {2016-11-14},
  booktitle = {Advances in {{Neural Information Processing Systems}}},
  author = {Langford, John and Zhang, Tong},
  year = {2008},
  pages = {817--824},
  file = {[PDF] nips.cc:/Users/benjamin/Library/Application Support/Zotero/Profiles/i8zmk51x.default/zotero/storage/JGG643C4/Langford and Zhang - 2008 - The epoch-greedy algorithm for multi-armed bandits.pdf:application/pdf;Snapshot:/Users/benjamin/Library/Application Support/Zotero/Profiles/i8zmk51x.default/zotero/storage/DU7XXQ83/3178-the-epoch-greedy-algorithm-for-multi-armed-bandits-with-side-information.html:text/html}
}

@article{boyan_packet_1994,
  title = {Packet {{Routing}} in {{Dynamically Changing Networks}}: {{A Reinforcement Learning Approach}}},
  shorttitle = {Packet {{Routing}} in {{Dynamically Changing Networks}}},
  timestamp = {2016-11-22T22:17:31Z},
  urldate = {2016-11-14},
  journal = {Advances in neural information processing systems},
  author = {Boyan, Justin A. and Littman, Michael L.},
  year = {1994},
  pages = {671--671},
  file = {[PDF] cmu.edu:/Users/benjamin/Library/Application Support/Zotero/Profiles/i8zmk51x.default/zotero/storage/9V9U99WA/Boyan and Littman - 1994 - Packet routing in dynamically changing networks A.pdf:application/pdf}
}


