@book{bankier_shotgun_2001,
	title = {Shotgun {DNA} sequencing},
	url = {http://link.springer.com/protocol/10.1385/1-59259-113-2:089},
	urldate = {2014-12-12},
	publisher = {Springer},
	author = {Bankier, Alan T.},
	year = {2001},
	file = {Snapshot:/Users/benjamin/Library/Application Support/Zotero/Profiles/i8zmk51x.default/zotero/storage/S7NV2TK7/1-59259-113-2089.html:text/html}
}


@article{schatz_cloudburst_2009,
	title = {{CloudBurst}: highly sensitive read mapping with {MapReduce}},
	volume = {25},
	shorttitle = {{CloudBurst}},
	url = {http://bioinformatics.oxfordjournals.org/content/25/11/1363.short},
	number = {11},
	urldate = {2014-12-04},
	journal = {Bioinformatics},
	author = {Schatz, Michael C.},
	year = {2009},
	pages = {1363--1369},
	file = {[HTML] from oxfordjournals.org:/Users/benjamin/Library/Application Support/Zotero/Profiles/i8zmk51x.default/zotero/storage/WNJDXUNJ/1363.html:text/html;Snapshot:/Users/benjamin/Library/Application Support/Zotero/Profiles/i8zmk51x.default/zotero/storage/86VQ8W7K/1363.html:text/html}
}

@inproceedings{menon_rapid_2011,
	title = {Rapid parallel genome indexing with {MapReduce}},
	url = {http://dl.acm.org/citation.cfm?id=1996104},
	urldate = {2014-10-28},
	booktitle = {Proceedings of the second international workshop on {MapReduce} and its applications},
	publisher = {{ACM}},
	author = {Menon, Rohith K. and Bhat, Goutham P. and Schatz, Michael C.},
	year = {2011},
	pages = {51--58},
	file = {[PDF] from cshl.edu:/Users/benjamin/Library/Application Support/Zotero/Profiles/i8zmk51x.default/zotero/storage/QRJPNU4N/Menon et al. - 2011 - Rapid parallel genome indexing with MapReduce.pdf:application/pdf;Snapshot:/Users/benjamin/Library/Application Support/Zotero/Profiles/i8zmk51x.default/zotero/storage/9C9QFT4Z/citation.html:text/html}
}

@article{schatz_blastreduce_2008,
	title = {{BlastReduce}: high performance short read mapping with {MapReduce}},
	shorttitle = {{BlastReduce}},
	url = {https://www.cs.umd.edu/sites/default/files/scholarly_papers/MichaelSchatz_1.pdf},
	urldate = {2014-10-28},
	journal = {University of Maryland, http://cgis. cs. umd. edu/Grad/scholarlypapers/papers/{MichaelSchatz}. pd f},
	author = {Schatz, Michael C.},
	year = {2008},
	file = {[PDF] from umd.edu:/Users/benjamin/Library/Application Support/Zotero/Profiles/i8zmk51x.default/zotero/storage/ANMGVVT7/Schatz - 2008 - BlastReduce high performance short read mapping w.pdf:application/pdf}
}

@inproceedings{li_hadoop_2012,
	title = {Hadoop Applications in Bioinformatics},
	url = {http://ieeexplore.ieee.org/xpls/abs_all.jsp?arnumber=6695840},
	urldate = {2014-10-28},
	booktitle = {Open Cirrus Summit ({OCS}), 2012 Seventh},
	publisher = {{IEEE}},
	author = {Li, Xubin and Jiang, Wenrui and Jiang, Yi and Zou, Quan},
	year = {2012},
	pages = {48--52},
	file = {Snapshot:/Users/benjamin/Library/Application Support/Zotero/Profiles/i8zmk51x.default/zotero/storage/3EV23URQ/cookiedetectresponse.html:text/html}
}

@inproceedings{landau_introducing_1986,
	title = {Introducing efficient parallelism into approximate string matching and a new serial algorithm},
	url = {http://dl.acm.org/citation.cfm?id=12152},
	urldate = {2014-12-12},
	booktitle = {Proceedings of the eighteenth annual {ACM} symposium on Theory of computing},
	publisher = {{ACM}},
	author = {Landau, Gad M. and Vishkin, Uzi},
	year = {1986},
	pages = {220--230},
	file = {Snapshot:/Users/benjamin/Library/Application Support/Zotero/Profiles/i8zmk51x.default/zotero/storage/46GJX6G7/citation.html:text/html}
}

@article{altschul_basic_1990,
	title = {Basic local alignment search tool},
	volume = {215},
	url = {http://www.sciencedirect.com/science/article/pii/S0022283605803602},
	number = {3},
	urldate = {2014-12-12},
	journal = {Journal of molecular biology},
	author = {Altschul, Stephen F. and Gish, Warren and Miller, Webb and Myers, Eugene W. and Lipman, David J.},
	year = {1990},
	pages = {403--410},
	file = {Snapshot:/Users/benjamin/Library/Application Support/Zotero/Profiles/i8zmk51x.default/zotero/storage/NF88HHAQ/S0022283605803602.html:text/html}
}

@inproceedings{zaharia_spark_2010,
	title = {Spark: cluster computing with working sets},
	shorttitle = {Spark},
	url = {http://static.usenix.org/legacy/events/hotcloud10/tech/full_papers/Zaharia.pdf},
	urldate = {2014-12-12},
	booktitle = {Proceedings of the 2nd {USENIX} conference on Hot topics in cloud computing},
	author = {Zaharia, Matei and Chowdhury, Mosharaf and Franklin, Michael J. and Shenker, Scott and Stoica, Ion},
	year = {2010},
	pages = {10--10}
}

@inproceedings{zaharia_resilient_2012,
	title = {Resilient distributed datasets: A fault-tolerant abstraction for in-memory cluster computing},
	shorttitle = {Resilient distributed datasets},
	url = {http://dl.acm.org/citation.cfm?id=2228301},
	urldate = {2014-12-12},
	booktitle = {Proceedings of the 9th {USENIX} conference on Networked Systems Design and Implementation},
	publisher = {{USENIX} Association},
	author = {Zaharia, Matei and Chowdhury, Mosharaf and Das, Tathagata and Dave, Ankur and Ma, Justin and McCauley, Murphy and Franklin, Michael J. and Shenker, Scott and Stoica, Ion},
	year = {2012},
	pages = {2--2},
	file = {Snapshot:/Users/benjamin/Library/Application Support/Zotero/Profiles/i8zmk51x.default/zotero/storage/AHZVDCZC/citation.html:text/html}
}

@inproceedings{leo_biodoop_2009,
	title = {Biodoop: bioinformatics on hadoop},
	shorttitle = {Biodoop},
	url = {http://ieeexplore.ieee.org/xpls/abs_all.jsp?arnumber=5364545},
	urldate = {2014-12-12},
	booktitle = {Parallel Processing Workshops, 2009. {ICPPW}'09. International Conference on},
	publisher = {{IEEE}},
	author = {Leo, Simone and Santoni, Federico and Zanetti, Gianluigi},
	year = {2009},
	pages = {415--422},
	file = {[PDF] from researchgate.net:/Users/benjamin/Library/Application Support/Zotero/Profiles/i8zmk51x.default/zotero/storage/WH4285KU/Leo et al. - 2009 - Biodoop bioinformatics on hadoop.pdf:application/pdf;Snapshot:/Users/benjamin/Library/Application Support/Zotero/Profiles/i8zmk51x.default/zotero/storage/ZCUMT4UN/login.html:text/html}
}

@article{taylor_overview_2010,
	title = {An overview of the Hadoop/{MapReduce}/{HBase} framework and its current applications in bioinformatics},
	volume = {11},
	url = {http://www.biomedcentral.com/1471-2105/11/S12/S1},
	number = {Suppl 12},
	urldate = {2014-12-12},
	journal = {{BMC} bioinformatics},
	author = {Taylor, Ronald C.},
	year = {2010},
	pages = {S1},
	file = {[HTML] from biomedcentral.com:/Users/benjamin/Library/Application Support/Zotero/Profiles/i8zmk51x.default/zotero/storage/PNJH9PZH/S1.html:text/html}
}

@article{niemenmaa_hadoop_bam_2012,
	title = {Hadoop-{BAM}: directly manipulating next generation sequencing data in the cloud},
	volume = {28},
	shorttitle = {Hadoop-{BAM}},
	url = {http://bioinformatics.oxfordjournals.org/content/28/6/876.short},
	number = {6},
	urldate = {2014-12-12},
	journal = {Bioinformatics},
	author = {Niemenmaa, Matti and Kallio, Aleksi and Schumacher, André and Klemelä, Petri and Korpelainen, Eija and Heljanko, Keijo},
	year = {2012},
	pages = {876--877},
	file = {[HTML] from oxfordjournals.org:/Users/benjamin/Library/Application Support/Zotero/Profiles/i8zmk51x.default/zotero/storage/ZIZBRV7I/876.html:text/html;Snapshot:/Users/benjamin/Library/Application Support/Zotero/Profiles/i8zmk51x.default/zotero/storage/7AMJ65JV/876.html:text/html}
}

@inproceedings{matsunaga_cloudblast_2008,
	title = {Cloudblast: Combining mapreduce and virtualization on distributed resources for bioinformatics applications},
	shorttitle = {Cloudblast},
	url = {http://ieeexplore.ieee.org/xpls/abs_all.jsp?arnumber=4736761},
	urldate = {2014-12-12},
	booktitle = {{eScience}, 2008. {eScience}'08. {IEEE} Fourth International Conference on},
	publisher = {{IEEE}},
	author = {Matsunaga, Andréa and Tsugawa, Maurício and Fortes, José},
	year = {2008},
	pages = {222--229},
	file = {Snapshot:/Users/benjamin/Library/Application Support/Zotero/Profiles/i8zmk51x.default/zotero/storage/G9E9XZRQ/login.html:text/html}
}

@inproceedings{qiu_cloud_2009,
	title = {Cloud technologies for bioinformatics applications},
	url = {http://dl.acm.org/citation.cfm?id=1646474},
	urldate = {2014-12-12},
	booktitle = {Proceedings of the 2nd Workshop on Many-Task Computing on Grids and Supercomputers},
	publisher = {{ACM}},
	author = {Qiu, Xiaohong and Ekanayake, Jaliya and Beason, Scott and Gunarathne, Thilina and Fox, Geoffrey and Barga, Roger and Gannon, Dennis},
	year = {2009},
	pages = {6},
	file = {[PDF] from microsoft.com:/Users/benjamin/Library/Application Support/Zotero/Profiles/i8zmk51x.default/zotero/storage/K28WICSN/Qiu et al. - 2009 - Cloud technologies for bioinformatics applications.pdf:application/pdf;Snapshot:/Users/benjamin/Library/Application Support/Zotero/Profiles/i8zmk51x.default/zotero/storage/TTJQJ4BJ/citation.html:text/html}
}


@article{mckenna_genome_2010,
	title = {The Genome Analysis Toolkit: a {MapReduce} framework for analyzing next-generation {DNA} sequencing data},
	volume = {20},
	shorttitle = {The Genome Analysis Toolkit},
	url = {http://genome.cshlp.org/content/20/9/1297.short},
	number = {9},
	urldate = {2014-12-12},
	journal = {Genome research},
	author = {McKenna, Aaron and Hanna, Matthew and Banks, Eric and Sivachenko, Andrey and Cibulskis, Kristian and Kernytsky, Andrew and Garimella, Kiran and Altshuler, David and Gabriel, Stacey and Daly, Mark and {others}},
	year = {2010},
	pages = {1297--1303},
	file = {[HTML] from nih.gov:/Users/benjamin/Library/Application Support/Zotero/Profiles/i8zmk51x.default/zotero/storage/KWJEFPVQ/PMC2928508.html:text/html;Snapshot:/Users/benjamin/Library/Application Support/Zotero/Profiles/i8zmk51x.default/zotero/storage/M7TA7VCV/1297.html:text/html}
}


@article{dean_mapreduce_2008,
	title = {{MapReduce}: simplified data processing on large clusters},
	volume = {51},
	shorttitle = {{MapReduce}},
	url = {http://dl.acm.org/citation.cfm?id=1327492},
	number = {1},
	urldate = {2014-12-12},
	journal = {Communications of the {ACM}},
	author = {Dean, Jeffrey and Ghemawat, Sanjay},
	year = {2008},
	pages = {107--113},
	file = {[HTML] from usenix.org:/Users/benjamin/Library/Application Support/Zotero/Profiles/i8zmk51x.default/zotero/storage/PV456F78/dean_html.html:text/html;Snapshot:/Users/benjamin/Library/Application Support/Zotero/Profiles/i8zmk51x.default/zotero/storage/BK98NWJE/citation.html:text/html}
}
