
@article{austin_multiple_2012,
	title = {Multiple facets for dynamic information flow},
	volume = {47},
	number = {1},
	journal = {ACM SIGPLAN Notices},
	author = {Austin, Thomas H and Flanagan, Cormac},
	year = {2012},
	pages = {165--178},
	file = {popl12b.pdf:/Users/benjamin/Library/Application Support/Zotero/Profiles/i8zmk51x.default/zotero/storage/TWRT8IWZ/popl12b.pdf:application/pdf}
}

@misc{ha_disqus,
	title = {Disqus},
	url = {https://disqus.com/api/docs/},
	author = {Ha, Daniel and Yan, Jason}
}

@inproceedings{payer_exploiting_2013,
	address = {Las Vegas, NV},
	title = {Exploiting {Music} {Streaming} with {JavaScript}},
	author = {Payer, Franz and Cutlip, Zachary and Heffner, Craig},
	month = aug,
	year = {2013},
	file = {payer-exploit-music-js.pdf:/Users/benjamin/Library/Application Support/Zotero/Profiles/i8zmk51x.default/zotero/storage/HUX5F3TM/payer-exploit-music-js.pdf:application/pdf}
}

@article{denning_lattice_1976,
	title = {A lattice model of secure information flow},
	volume = {19},
	url = {http://dl.acm.org/citation.cfm?id=360056},
	number = {5},
	urldate = {2015-11-09},
	journal = {Communications of the ACM},
	author = {Denning, Dorothy E.},
	year = {1976},
	pages = {236--243},
	file = {Snapshot:/Users/benjamin/Library/Application Support/Zotero/Profiles/i8zmk51x.default/zotero/storage/PAS948IS/citation.html:text/html}
}

@article{smith_sound_1996,
	title = {A sound type system for secure flow analysis},
	url = {http://calhoun.nps.edu/handle/10945/7179},
	urldate = {2015-11-09},
	author = {Smith, Geoffrey and Irvine, Cynthia E. and Volpano, Dennis and {others}},
	year = {1996},
	file = {[PDF] from nps.edu:/Users/benjamin/Library/Application Support/Zotero/Profiles/i8zmk51x.default/zotero/storage/QPRREQCC/Smith et al. - 1996 - A sound type system for secure flow analysis.pdf:application/pdf;Snapshot:/Users/benjamin/Library/Application Support/Zotero/Profiles/i8zmk51x.default/zotero/storage/ABBVP38C/7179.html:text/html}
}
