@article{austin2012multiple,
  title={Multiple facets for dynamic information flow},
  author={Austin, Thomas H and Flanagan, Cormac},
  journal={ACM SIGPLAN Notices},
  volume={47},
  number={1},
  pages={165--178},
  year={2012},
  publisher={ACM}
}

@misc{disqus,
  title = {Disqus},
  howpublished = {https://publishers.disqus.com/}
}
