@misc{Labor_data,
  title = {{Bureau of Labor Statistics}},
   note = {\url{http://www.bls.gov}}
   year  = {2015}
   month = {Feb.}
}

@article{D3,
  title = {{D3; Data-Driven Documents}},
  author = {Bostock, M. and Ogievetsky, V. and Heer, J.},
  journal = {Visualization and Computer Graphics, IEEE Transactions on},
  year = 2011
}

@misc{urban_website,
  title = {{Urban Institute website}},
  note = {\url{http://www.urban.org/}},
},

@article{Few2007,
	title = {Visualizing Change An Innovation in Time-Series Analysis},
    author = {Stephen Few, Perceptual Edge},
    journal = {Visual Business Intelligence Newsletter},
    year = {2007}
}

@article{Roger2008,
	author = {Roger Peng},
	title =	{A Method for Visualizing Multivariate Time Series Data},	
    journal = {Journal of Statistical Software, Code Snippets},
    year = {2008}
}

@misc{Jeremy2014,
author = {Jeremy Ashkenas and Alicia Parlapiano}
title = {How the Recession Reshaped the Economy, in 255 Charts}
year = {2014},
note = {\url{http://www.nytimes.com/interactive/2014/06/05/upshot/how-the-recession-reshaped-the-economy-in-255-charts.html?abt=0002&abg=0&_r=0}}
}

@misc{David2014,
author = {David Leonhardt},
title={How Not to Be Misled by the Jobs Report},
year = {2014},
note = {\url{http://www.nytimes.com/2014/05/02/upshot/how-not-to-be-misled-by-the-jobs-report.html?abt=0002&abg=0}}
}

@misc{Tableau,
title={Tableau Gallery for Government and Public Data}
note = {\url{https://public.tableau.com/s/gallery}}
}

@article{Rodrigues2013,
author={Rodrigues, F. and Alves, A.C.d.C.O. and Polisciuc, E. and Jiang, S. and Ferreira, J. and Pereira, F.C. },
title={Estimating disaggregated employment size from Points-of-Interest and census data: From mining the web to model implementation and visualization},
journal={International Journal on Advanced Intelligent Systems},
year={2013},
}

@inproceedings{Feldt2005,
  author = {Feldt, Nina and Pettersson, Henrik and Johansson, Jimmy and Jern, Mikael},
  title = {{Tailor-made Exploratory Visualization for Statistics Sweden}},
  booktitle = {IEEE International Conference on Coordinated Multiple Views in Exploratory Visualization},
  year = {2005},
}

@misc{LAUS_data,
  title = {{Local Area Unemployment Statistics}},
   note = {\url{http://www.bls.gov/lau/}}
   year  = {2015}
   month = {Feb.}
}

@misc{CES_data,
  title = {{Current Employment Statistics}},
   note = {\url{http://www.bls.gov/ces/}}
   year  = {2015}
   month = {Feb.}
}
@article{report,
title = {The Employment Situation March 2015},
year = {2015},
author={Bureau of Labor Statistics}
}

@inproceedings{overview,
 author = {Shneiderman, Ben},
 title = {The Eyes Have It: A Task by Data Type Taxonomy for Information Visualizations},
 booktitle = {Proceedings of the 1996 IEEE Symposium on Visual Languages},
 year = {1996}
} 

@misc{eight,
title={The Eight Golden Rules of Interface Design}
note = {\url{https://www.cs.umd.edu/users/ben/goldenrules.html}},
author = {Shneiderman, Ben}
}

@misc{API,
title = {Developer's Site},
note = {\url{http://www.bls.gov/developers/home.htm}},
year = {2014},
month = {October}
}

@misc{CPS,
title = {Labor Force Statistics from the Current Population Survey},
note={\url{http://www.bls.gov/cps/}}
}
@misc{wealth,
title = {The Wealth \& Health of Nations},
note={\url{http://bost.ocks.org/mike/nations/}}
}