
@article{spanner,
  title = {Spanner: {{Google}}'s Globally Distributed Database},
  volume = {31},
  url = {http://dl.acm.org/citation.cfm?id=2491245},
  number = {3},
  journaltitle = {ACM Transactions on Computer Systems (TOCS)},
  urldate = {2014-11-06},
  date = {2013},
  pages = {8},
  author = {Corbett, James C. and Dean, Jeffrey and Epstein, Michael and Fikes, Andrew and Frost, Christopher and Furman, J. J. and Ghemawat, Sanjay and Gubarev, Andrey and Heiser, Christopher and Hochschild, Peter and {others}}
}

@inproceedings{scatter,
  title = {Scalable Consistency in {{Scatter}}},
  url = {http://dl.acm.org/citation.cfm?id=2043559},
  booktitle = {Proceedings of the {{Twenty}}-{{Third ACM Symposium}} on {{Operating Systems Principles}}},
  publisher = {{ACM}},
  urldate = {2014-10-27},
  date = {2011},
  pages = {15--28},
  author = {Glendenning, Lisa and Beschastnikh, Ivan and Krishnamurthy, Arvind and Anderson, Thomas}
}

@inproceedings{alvaro2013consistency,
  title = {Consistency without Borders},
  booktitle = {Proceedings of the 4th Annual {{Symposium}} on {{Cloud Computing}}},
  publisher = {{ACM}},
  date = {2013},
  pages = {23},
  author = {Alvaro, Peter and Bailis, Peter and Conway, Neil and Hellerstein, Joseph M}
}

@inproceedings{mdcc,
  title = {{{MDCC}}: {{Multi}}-{{Data Center Consistency}}},
  booktitle = {Proceedings of the 8th {{ACM European Conference}} on {{Computer Systems}}},
  publisher = {{ACM}},
  date = {2013},
  pages = {113-126},
  author = {Kraska, Tim and Pang, Gene and Franklin, Michael J. and Madden, Samuel and Fekete, Alan}
}
% == BibLateX quality report for mdcc:
% ? hyphen found in pages field, did you mean to use an en-dash?
% ? Title looks like it was stored in title-case in Zotero

@inproceedings{raft,
  title = {In Search of an Understandable Consensus Algorithm},
  url = {https://www.usenix.org/conference/atc14/technical-sessions/presentation/ongaro},
  booktitle = {2014 {{USENIX Annual Technical Conference}} ({{USENIX ATC}} 14)},
  urldate = {2016-05-01},
  date = {2014},
  pages = {305--319},
  author = {Ongaro, Diego and Ousterhout, John}
}
% == BibLateX quality report for raft:
% ? Unsure about the formatting of the booktitle

@inproceedings{calvinfs,
  title = {{{CalvinFS}}: Consistent Wan Replication and Scalable Metadata Management for Distributed File Systems},
  url = {https://www.usenix.org/node/188413},
  booktitle = {13th {{USENIX Conference}} on {{File}} and {{Storage Technologies}} ({{FAST}} 15)},
  urldate = {2016-11-22},
  date = {2015},
  pages = {1--14},
  author = {Thomson, Alexander and Abadi, Daniel J.}
}
% == BibLateX quality report for calvinfs:
% ? Unsure about the formatting of the booktitle

@article{sprenkle_exploring_2004,
  title = {Exploring {{Availability}} and {{Usage Guarantees}} in {{Resource Allocation Through Leases}}},
  url = {http://www.cs.wlu.edu/~sprenkle/acad/papers/ses_masters.pdf},
  journaltitle = {Duke University Computer Science},
  urldate = {2016-08-08},
  date = {2004},
  author = {Sprenkle, Sara E. and {others}}
}
% == BibLateX quality report for sprenkle_exploring_2004:
% ? Title looks like it was stored in title-case in Zotero

@report{kolbeck_fault-tolerant_2010,
  title = {Fault-{{Tolerant}} and {{Decentralized Lease Coordination}} in {{Distributed Systems}}},
  url = {http://citeseerx.ist.psu.edu/viewdoc/download?doi=10.1.1.631.9448&rep=rep1&type=pdf},
  institution = {{Citeseer}},
  urldate = {2016-08-08},
  date = {2010},
  author = {Kolbeck, Bj{\"o}rn and Hogqvist, MIKAEL and Stender, Jan and Hupfeld, Felix}
}
% == BibLateX quality report for kolbeck_fault-tolerant_2010:
% Missing required field 'type'
% ? Title looks like it was stored in title-case in Zotero

@article{hupfeld_fatlease_2009,
  title = {{{FaTLease}}: Scalable Fault-Tolerant Lease Negotiation with {{Paxos}}},
  volume = {12},
  url = {http://link.springer.com/article/10.1007/s10586-009-0074-2},
  number = {2},
  journaltitle = {Cluster Computing},
  urldate = {2016-08-08},
  date = {2009},
  pages = {175--188},
  author = {Hupfeld, Felix and Kolbeck, Bj{\"o}rn and Stender, Jan and H{\"o}gqvist, Mikael and Cortes, Toni and Mart{\'\i}, Jonathan and Malo, Jes{\'u}s}
}

@article{paxos_practical,
  title = {Paxos Made Practical},
  url = {http://read.seas.harvard.edu/~kohler/class/08w-dsi/mazieres07paxos.pdf},
  journaltitle = {Unpublished manuscript},
  urldate = {2016-05-03},
  date = {2007},
  author = {Mazieres, David}
}

@report{generalized_paxos,
  title = {Generalized Consensus and {{Paxos}}},
  url = {http://zoo.cs.yale.edu/classes/cs426/2012/lab/bib/lamport05generalized.pdf},
  institution = {{Technical Report MSR-TR-2005-33, Microsoft Research}},
  urldate = {2016-05-03},
  date = {2005},
  author = {Lamport, Leslie}
}
% == BibLateX quality report for generalized_paxos:
% Missing required field 'type'

@inproceedings{multicoordinated_paxos,
  title = {Multicoordinated Paxos},
  url = {http://dl.acm.org/citation.cfm?id=1281150},
  booktitle = {Proceedings of the Twenty-Sixth Annual {{ACM}} Symposium on {{Principles}} of Distributed Computing},
  publisher = {{ACM}},
  urldate = {2016-05-03},
  date = {2007},
  pages = {316--317},
  author = {Camargos, L{\'a}saro Jonas and Schmidt, Rodrigo Malta and Pedone, Fernando}
}
% == BibLateX quality report for multicoordinated_paxos:
% ? Unsure about the formatting of the booktitle

@inproceedings{spaxos,
  title = {S-Paxos: {{Offloading}} the Leader for High Throughput State Machine Replication},
  url = {http://ieeexplore.ieee.org/xpls/abs_all.jsp?arnumber=6424845},
  booktitle = {Reliable {{Distributed Systems}} ({{SRDS}}), 2012 {{IEEE}} 31st {{Symposium}} On},
  publisher = {{IEEE}},
  urldate = {2016-05-03},
  date = {2012},
  pages = {111--120},
  author = {Biely, Martin and Milosevic, Zoran and Santos, Nuno and Schiper, Andre}
}
% == BibLateX quality report for spaxos:
% ? Unsure about the formatting of the booktitle

@inproceedings{boxwood,
  title = {Boxwood: {{Abstractions}} as the {{Foundation}} for {{Storage Infrastructure}}.},
  volume = {4},
  url = {https://www.usenix.org/legacy/events/osdi04/tech/full_papers/maccormick/maccormick_html/},
  booktitle = {{{OSDI}}},
  urldate = {2016-05-03},
  date = {2004},
  pages = {8--8},
  author = {MacCormick, John and Murphy, Nick and Najork, Marc and Thekkath, Chandramohan A. and Zhou, Lidong}
}
% == BibLateX quality report for boxwood:
% ? Unsure about the formatting of the booktitle
% ? Title looks like it was stored in title-case in Zotero

@article{paxos,
  title = {Paxos Made Simple},
  volume = {32},
  url = {http://www.cs.utexas.edu/users/lorenzo/corsi/cs380d/past/03F/notes/paxos-simple.pdf},
  number = {4},
  journaltitle = {ACM Sigact News},
  urldate = {2014-11-03},
  date = {2001},
  pages = {18--25},
  author = {Lamport, Leslie}
}

@inproceedings{zookeeper,
  title = {{{ZooKeeper}}: {{Wait}}-Free {{Coordination}} for {{Internet}}-Scale {{Systems}}.},
  volume = {8},
  url = {https://www.usenix.org/event/usenix10/tech/full_papers/Hunt.pdf},
  booktitle = {{{USENIX Annual Technical Conference}}},
  urldate = {2016-05-01},
  date = {2010},
  pages = {9},
  author = {Hunt, Patrick and Konar, Mahadev and Junqueira, Flavio Paiva and Reed, Benjamin}
}
% == BibLateX quality report for zookeeper:
% ? Unsure about the formatting of the booktitle

@software{etcd_raft,
  title = {Etcd: Package Raft},
  url = {https://godoc.org/github.com/coreos/etcd/raft},
  version = {v2.3.2},
  publisher = {{CoreOS}},
  urldate = {2016-04-28},
  date = {2016-04-21},
  author = {Mizerany, Blake and Yicheng, Qin and Xiang, Li}
}
% == BibLateX quality report for etcd_raft:
% Unexpected field 'title'
% Unexpected field 'version'
% Unexpected field 'publisher'
% Unexpected field 'author'

@inproceedings{mencius,
  title = {Mencius: Building Efficient Replicated State Machines for {{WANs}}},
  volume = {8},
  url = {https://www.usenix.org/legacy/event/osdi08/tech/full_papers/mao/mao_html/},
  booktitle = {{{OSDI}}},
  urldate = {2016-05-01},
  date = {2008},
  pages = {369--384},
  author = {Mao, Yanhua and Junqueira, Flavio Paiva and Marzullo, Keith}
}
% == BibLateX quality report for mencius:
% ? Unsure about the formatting of the booktitle

@article{stellar,
  title = {The Stellar Consensus Protocol: {{A}} Federated Model for Internet-Level Consensus},
  url = {http://citeseerx.ist.psu.edu/viewdoc/download?doi=10.1.1.696.93&rep=rep1&type=pdf},
  journaltitle = {Draft, Stellar Development Foundation, 15th May, available at: https://www. stellar. org/papers/stellarconsensus-protocol. pdf (accessed 23rd May, 2015)},
  urldate = {2016-02-04},
  date = {2015},
  author = {Mazieres, David}
}
% == BibLateX quality report for stellar:
% ? Possibly abbreviated journal title Draft, Stellar Development Foundation, 15th May, available at: https://www. stellar. org/papers/stellarconsensus-protocol. pdf (accessed 23rd May, 2015)

@inproceedings{epaxos,
  title = {There Is More Consensus in Egalitarian Parliaments},
  url = {http://dl.acm.org/citation.cfm?id=2517350},
  booktitle = {Proceedings of the {{Twenty}}-{{Fourth ACM Symposium}} on {{Operating Systems Principles}}},
  publisher = {{ACM}},
  urldate = {2016-04-27},
  date = {2013},
  pages = {358--372},
  author = {Moraru, Iulian and Andersen, David G. and Kaminsky, Michael}
}

@article{fast_paxos,
  title = {Fast Paxos},
  volume = {19},
  url = {http://link.springer.com/article/10.1007/s00446-006-0005-x},
  number = {2},
  journaltitle = {Distributed Computing},
  urldate = {2016-04-27},
  date = {2006},
  pages = {79--103},
  author = {Lamport, Leslie}
}

@article{howard_raft_2015,
  title = {Raft Refloated: Do We Have Consensus?},
  volume = {49},
  url = {http://dl.acm.org/citation.cfm?id=2723876},
  number = {1},
  journaltitle = {ACM SIGOPS Operating Systems Review},
  urldate = {2016-04-27},
  date = {2015},
  pages = {12-21},
  author = {Howard, Heidi and Schwarzkopf, Malte and Madhavapeddy, Anil and Crowcroft, Jon}
}
% == BibLateX quality report for howard_raft_2015:
% ? hyphen found in pages field, did you mean to use an en-dash?

@inproceedings{gfs,
  title = {The {{Google}} File System},
  volume = {37},
  url = {http://dl.acm.org/citation.cfm?id=945450},
  booktitle = {{{ACM SIGOPS Operating Systems Review}}},
  publisher = {{ACM}},
  date = {2003},
  pages = {29--43},
  keywords = {filesystem,Google},
  author = {Ghemawat, Sanjay and Gobioff, Howard and Leung, Shun-Tak}
}
% == BibLateX quality report for gfs:
% ? Unsure about the formatting of the booktitle

@inproceedings{gray_dangers_1996,
  title = {The Dangers of Replication and a Solution},
  volume = {25},
  url = {http://dl.acm.org/citation.cfm?id=233330},
  booktitle = {{{ACM SIGMOD Record}}},
  publisher = {{ACM}},
  urldate = {2015-04-07},
  date = {1996},
  pages = {173--182},
  author = {Gray, Jim and Helland, Pat and O'Neil, Patrick and Shasha, Dennis}
}
% == BibLateX quality report for gray_dangers_1996:
% ? Unsure about the formatting of the booktitle

@inproceedings{vertical_paxos,
  title = {Vertical Paxos and Primary-Backup Replication},
  booktitle = {Proceedings of the 28th {{ACM}} Symposium on {{Principles}} of Distributed Computing},
  publisher = {{ACM}},
  date = {2009},
  pages = {312--313},
  author = {Lamport, Leslie and Malkhi, Dahlia and Zhou, Lidong}
}
% == BibLateX quality report for vertical_paxos:
% ? Unsure about the formatting of the booktitle

@article{wpaxos,
  title = {{{WPaxos}}: {{Ruling}} the {{Archipelago}} with {{Fast Consensus}}},
  author = {Ailijiang, Ailidani and Charapko, Aleksey and Demirbas, Murat and Kosar, Tevfik}
}
% == BibLateX quality report for wpaxos:
% Exactly one of 'date' / 'year' must be present
% Missing required field 'journaltitle'
% ? Title looks like it was stored in title-case in Zotero

@article{niobe,
  title = {Niobe: {{A}} Practical Replication Protocol},
  volume = {3},
  number = {4},
  journaltitle = {ACM Transactions on Storage (TOS)},
  date = {2008},
  pages = {1},
  author = {MacCormick, John and Thekkath, Chandramohan A. and Jager, Marcus and Roomp, Kristof and Zhou, Lidong and Peterson, Ryan}
}


