
@inproceedings{akkio,
  title = {Sharding the Shards: Managing Datastore Locality at Scale with {{Akkio}}},
  booktitle = {13th {{USENIX Symposium}} on {{Operating Systems Design}} and {{Implementation}} ({{OSDI}} 18)},
  author = {Annamalai, Muthukaruppan and Ravichandran, Kaushik and Srinivas, Harish and Zinkovsky, Igor and Pan, Luning and Savor, Tony and Nagle, David and Stumm, Michael},
  year = {2018},
  pages = {445--460}
}
% == BibLateX quality report for akkio:
% ? Unsure about the formatting of the booktitle

@inproceedings{alvaro2013consistency,
  title = {Consistency without Borders},
  booktitle = {Proceedings of the 4th Annual {{Symposium}} on {{Cloud Computing}}},
  author = {Alvaro, Peter and Bailis, Peter and Conway, Neil and Hellerstein, Joseph M},
  year = {2013},
  pages = {23},
  publisher = {{ACM}}
}

@inproceedings{alvin,
  title = {Be General and Don't Give up Consistency in Geo-Replicated Transactional Systems},
  booktitle = {International {{Conference}} on {{Principles}} of {{Distributed Systems}}},
  author = {Turcu, Alexandru and Peluso, Sebastiano and Palmieri, Roberto and Ravindran, Binoy},
  year = {2014},
  pages = {33--48},
  publisher = {{Springer}}
}
% == BibLateX quality report for alvin:
% ? Unsure about the formatting of the booktitle

@inproceedings{aurora,
  title = {Amazon Aurora: {{Design}} Considerations for High Throughput Cloud-Native Relational Databases},
  booktitle = {Proceedings of the 2017 {{ACM International Conference}} on {{Management}} of {{Data}}},
  author = {Verbitski, Alexandre and Gupta, Anurag and Saha, Debanjan and Brahmadesam, Murali and Gupta, Kamal and Mittal, Raman and Krishnamurthy, Sailesh and Maurice, Sandor and Kharatishvili, Tengiz and Bao, Xiaofeng},
  year = {2017},
  pages = {1041--1052},
  publisher = {{ACM}}
}

@inproceedings{boxwood,
  title = {Boxwood: {{Abstractions}} as the {{Foundation}} for {{Storage Infrastructure}}.},
  booktitle = {{{OSDI}}},
  author = {MacCormick, John and Murphy, Nick and Najork, Marc and Thekkath, Chandramohan A. and Zhou, Lidong},
  year = {2004},
  volume = {4},
  pages = {8--8},
  url = {https://www.usenix.org/legacy/events/osdi04/tech/full_papers/maccormick/maccormick_html/},
  urldate = {2016-05-03}
}
% == BibLateX quality report for boxwood:
% ? Unsure about the formatting of the booktitle
% ? Title looks like it was stored in title-case in Zotero

@inproceedings{calvinfs,
  title = {{{CalvinFS}}: Consistent Wan Replication and Scalable Metadata Management for Distributed File Systems},
  booktitle = {13th {{USENIX Conference}} on {{File}} and {{Storage Technologies}} ({{FAST}} 15)},
  author = {Thomson, Alexander and Abadi, Daniel J.},
  year = {2015},
  pages = {1--14},
  url = {https://www.usenix.org/node/188413},
  urldate = {2016-11-22}
}
% == BibLateX quality report for calvinfs:
% ? Unsure about the formatting of the booktitle

@inproceedings{chain_replication,
  title = {Chain {{Replication}} for {{Supporting High Throughput}} and {{Availability}}.},
  booktitle = {{{OSDI}}},
  author = {Van Renesse, Robbert and Schneider, Fred B},
  year = {2004},
  volume = {4},
  pages = {91--104}
}
% == BibLateX quality report for chain_replication:
% ? Unsure about the formatting of the booktitle
% ? Title looks like it was stored in title-case in Zotero

@inproceedings{chubby,
  title = {The {{Chubby}} Lock Service for Loosely-Coupled Distributed Systems},
  booktitle = {Proceedings of the 7th Symposium on {{Operating}} Systems Design and Implementation},
  author = {Burrows, Mike},
  year = {2006},
  pages = {335--350},
  publisher = {{USENIX Association}},
  url = {http://dl.acm.org/citation.cfm?id=1298487},
  urldate = {2016-05-01}
}
% == BibLateX quality report for chubby:
% ? Unsure about the formatting of the booktitle

@online{cockroachdb,
  title = {{{CockroachDB Geo}}-{{Partitioning}}},
  journaltitle = {Cockroach Labs},
  url = {https://www.cockroachlabs.com/product/geo-distributed/},
  urldate = {2020-01-04},
  langid = {american},
  year = {2020}
}
% == BibLateX quality report for cockroachdb:
% Unexpected field 'journaltitle'
% Exactly one of 'date' / 'year' must be present
% ? Title looks like it was stored in title-case in Zotero

@inproceedings{dynamic_placement,
  title = {Where in the World Is My Data},
  booktitle = {Proceedings {{International Conference}} on {{Very Large Data Bases}} ({{VLDB}})},
  author = {Kadambi, Sudarshan and Chen, Jianjun and Cooper, Brian F. and Lomax, David and Ramakrishnan, Raghu and Silberstein, Adam and Tam, Erwin and Garcia-Molina, Hector},
  year = {2011}
}

@inproceedings{dynamo,
  title = {Dynamo: Amazon's Highly Available Key-Value Store},
  booktitle = {{{ACM SIGOPS Operating Systems Review}}},
  author = {DeCandia, Giuseppe and Hastorun, Deniz and Jampani, Madan and Kakulapati, Gunavardhan and Lakshman, Avinash and Pilchin, Alex and Sivasubramanian, Swaminathan and Vosshall, Peter and Vogels, Werner},
  year = {2007},
  volume = {41},
  pages = {205--220},
  publisher = {{ACM}},
  url = {http://dl.acm.org/citation.cfm?id=1294281},
  urldate = {2014-10-15}
}
% == BibLateX quality report for dynamo:
% ? Unsure about the formatting of the booktitle

@article{envoy,
  title = {Lyft's {{Envoy}}: {{Experiences Operating}} a {{Large Service Mesh}}},
  author = {Klein, Matt},
  year = {2017}
}
% == BibLateX quality report for envoy:
% Missing required field 'journaltitle'
% ? Title looks like it was stored in title-case in Zotero

@inproceedings{epaxos,
  title = {There Is More Consensus in Egalitarian Parliaments},
  booktitle = {Proceedings of the {{Twenty}}-{{Fourth ACM Symposium}} on {{Operating Systems Principles}}},
  author = {Moraru, Iulian and Andersen, David G. and Kaminsky, Michael},
  year = {2013},
  pages = {358--372},
  publisher = {{ACM}},
  url = {http://dl.acm.org/citation.cfm?id=2517350},
  urldate = {2016-04-27}
}

@inproceedings{eris,
  title = {Eris: {{Coordination}}-Free Consistent Transactions Using in-Network Concurrency Control},
  booktitle = {Proceedings of the 26th {{Symposium}} on {{Operating Systems Principles}}},
  author = {Li, Jialin and Michael, Ellis and Ports, Dan RK},
  year = {2017},
  pages = {104--120},
  publisher = {{ACM}}
}

@software{etcd_raft,
  title = {Etcd: Package Raft},
  author = {Mizerany, Blake and Yicheng, Qin and Xiang, Li},
  year = {2016-04-21},
  url = {https://godoc.org/github.com/coreos/etcd/raft},
  urldate = {2016-04-28},
  organization = {{CoreOS}},
  version = {v2.3.2}
}
% == BibLateX quality report for etcd_raft:
% Unexpected field 'title'
% Unexpected field 'author'
% Unexpected field 'organization'
% Unexpected field 'version'

@article{fast_paxos,
  title = {Fast Paxos},
  author = {Lamport, Leslie},
  year = {2006},
  journaltitle = {Distributed Computing},
  volume = {19},
  pages = {79--103},
  url = {http://link.springer.com/article/10.1007/s00446-006-0005-x},
  urldate = {2016-04-27},
  number = {2}
}

@article{fatlease,
  title = {{{FaTLease}}: Scalable Fault-Tolerant Lease Negotiation with {{Paxos}}},
  author = {Hupfeld, Felix and Kolbeck, Bj\"orn and Stender, Jan and H\"ogqvist, Mikael and Cortes, Toni and Mart\'i, Jonathan and Malo, Jes\'us},
  year = {2009},
  journaltitle = {Cluster Computing},
  volume = {12},
  pages = {175--188},
  url = {http://link.springer.com/article/10.1007/s10586-009-0074-2},
  urldate = {2016-08-08},
  number = {2}
}

@inproceedings{fawn,
  title = {{{FAWN}}: {{A}} Fast Array of Wimpy Nodes},
  booktitle = {Proceedings of the {{ACM SIGOPS}} 22nd Symposium on {{Operating}} Systems Principles},
  author = {Andersen, David G and Franklin, Jason and Kaminsky, Michael and Phanishayee, Amar and Tan, Lawrence and Vasudevan, Vijay},
  year = {2009},
  pages = {1--14},
  publisher = {{ACM}}
}
% == BibLateX quality report for fawn:
% ? Unsure about the formatting of the booktitle

@article{flexible_paxos,
  title = {Flexible {{Paxos}}: {{Quorum}} Intersection Revisited},
  author = {Howard, H. and Malkhi, D. and Spiegelman, A.},
  year = {2016-08},
  journaltitle = {ArXiv e-prints},
  adsnote = {Provided by the SAO/NASA Astrophysics Data System},
  adsurl = {http://adsabs.harvard.edu/abs/2016arXiv160806696H},
  archiveprefix = {arXiv},
  keywords = {and Cluster Computing,C.2.4,Computer Science - Distributed,Parallel},
  primaryclass = {cs.DC}
}
% == BibLateX quality report for flexible_paxos:
% Unexpected field 'adsnote'
% Unexpected field 'adsurl'
% Unexpected field 'archiveprefix'
% Unexpected field 'primaryclass'

@inproceedings{gdpr,
  title = {Analyzing the {{Impact}} of {{GDPR}} on {{Storage Systems}}},
  booktitle = {11th {{USENIX Workshop}} on {{Hot Topics}} in {{Storage}} and {{File Systems}} ({{HotStorage}} 19)},
  author = {Shah, Aashaka and Banakar, Vinay and Shastri, Supreeth and Wasserman, Melissa and Chidambaram, Vijay},
  year = {2019}
}
% == BibLateX quality report for gdpr:
% ? Unsure about the formatting of the booktitle
% ? Title looks like it was stored in title-case in Zotero

@report{generalized_paxos,
  title = {Generalized Consensus and {{Paxos}}},
  author = {Lamport, Leslie},
  year = {2005},
  institution = {{Technical Report MSR-TR-2005-33, Microsoft Research}},
  url = {http://zoo.cs.yale.edu/classes/cs426/2012/lab/bib/lamport05generalized.pdf},
  urldate = {2016-05-03}
}
% == BibLateX quality report for generalized_paxos:
% Missing required field 'type'

@inproceedings{gfs,
  title = {The {{Google}} File System},
  booktitle = {{{ACM SIGOPS Operating Systems Review}}},
  author = {Ghemawat, Sanjay and Gobioff, Howard and Leung, Shun-Tak},
  year = {2003},
  volume = {37},
  pages = {29--43},
  publisher = {{ACM}},
  url = {http://dl.acm.org/citation.cfm?id=945450},
  keywords = {filesystem,Google}
}
% == BibLateX quality report for gfs:
% ? Unsure about the formatting of the booktitle

@inproceedings{gray_dangers_1996,
  title = {The Dangers of Replication and a Solution},
  booktitle = {{{ACM SIGMOD Record}}},
  author = {Gray, Jim and Helland, Pat and O'Neil, Patrick and Shasha, Dennis},
  year = {1996},
  volume = {25},
  pages = {173--182},
  publisher = {{ACM}},
  url = {http://dl.acm.org/citation.cfm?id=233330},
  urldate = {2015-04-07}
}
% == BibLateX quality report for gray_dangers_1996:
% ? Unsure about the formatting of the booktitle

@article{howard_generalised_2019,
  title = {A {{Generalised Solution}} to {{Distributed Consensus}}},
  author = {Howard, Heidi and Mortier, Richard},
  year = {2019-02-18},
  url = {http://arxiv.org/abs/1902.06776},
  urldate = {2019-02-22},
  archivePrefix = {arXiv},
  eprint = {1902.06776},
  eprinttype = {arxiv},
  keywords = {Computer Science - Distributed; Parallel; and Cluster Computing},
  langid = {english},
  primaryClass = {cs}
}
% == BibLateX quality report for howard_generalised_2019:
% Unexpected field 'archivePrefix'
% Unexpected field 'primaryClass'
% Missing required field 'journaltitle'
% ? Title looks like it was stored in title-case in Zotero

@report{kolbeck_fault-tolerant_2010,
  title = {Fault-{{Tolerant}} and {{Decentralized Lease Coordination}} in {{Distributed Systems}}},
  author = {Kolbeck, Bj\"orn and Hogqvist, MIKAEL and Stender, Jan and Hupfeld, Felix},
  year = {2010},
  institution = {{Citeseer}},
  url = {http://citeseerx.ist.psu.edu/viewdoc/download?doi=10.1.1.631.9448&rep=rep1&type=pdf},
  urldate = {2016-08-08}
}
% == BibLateX quality report for kolbeck_fault-tolerant_2010:
% Missing required field 'type'
% ? Title looks like it was stored in title-case in Zotero

@inproceedings{mdcc,
  title = {{{MDCC}}: {{Multi}}-{{Data Center Consistency}}},
  booktitle = {Proceedings of the 8th {{ACM European Conference}} on {{Computer Systems}}},
  author = {Kraska, Tim and Pang, Gene and Franklin, Michael J. and Madden, Samuel and Fekete, Alan},
  year = {2013},
  pages = {113--126},
  publisher = {{ACM}}
}
% == BibLateX quality report for mdcc:
% ? Title looks like it was stored in title-case in Zotero

@inproceedings{megastore,
  title = {Megastore: {{Providing Scalable}}, {{Highly Available Storage}} for {{Interactive Services}}.},
  booktitle = {{{CIDR}}},
  author = {Baker, Jason and Bond, Chris and Corbett, James C. and Furman, J. J. and Khorlin, Andrey and Larson, James and Leon, Jean-Michel and Li, Yawei and Lloyd, Alexander and Yushprakh, Vadim},
  year = {2011},
  volume = {11},
  pages = {223--234},
  url = {http://pages.cs.wisc.edu/~akella/CS838/F12/838-CloudPapers/Megastore.pdf},
  urldate = {2016-05-03}
}
% == BibLateX quality report for megastore:
% ? Unsure about the formatting of the booktitle
% ? Title looks like it was stored in title-case in Zotero

@inproceedings{mencius,
  title = {Mencius: Building Efficient Replicated State Machines for {{WANs}}},
  booktitle = {{{OSDI}}},
  author = {Mao, Yanhua and Junqueira, Flavio Paiva and Marzullo, Keith},
  year = {2008},
  volume = {8},
  pages = {369--384},
  url = {https://www.usenix.org/legacy/event/osdi08/tech/full_papers/mao/mao_html/},
  urldate = {2016-05-01}
}
% == BibLateX quality report for mencius:
% ? Unsure about the formatting of the booktitle

@inproceedings{multicoordinated_paxos,
  title = {Multicoordinated Paxos},
  booktitle = {Proceedings of the Twenty-Sixth Annual {{ACM}} Symposium on {{Principles}} of Distributed Computing},
  author = {Camargos, L\'asaro Jonas and Schmidt, Rodrigo Malta and Pedone, Fernando},
  year = {2007},
  pages = {316--317},
  publisher = {{ACM}},
  url = {http://dl.acm.org/citation.cfm?id=1281150},
  urldate = {2016-05-03}
}
% == BibLateX quality report for multicoordinated_paxos:
% ? Unsure about the formatting of the booktitle

@article{niobe,
  title = {Niobe: {{A}} Practical Replication Protocol},
  author = {MacCormick, John and Thekkath, Chandramohan A. and Jager, Marcus and Roomp, Kristof and Zhou, Lidong and Peterson, Ryan},
  year = {2008},
  journaltitle = {ACM Transactions on Storage (TOS)},
  volume = {3},
  pages = {1},
  number = {4}
}

@article{paxos_practical,
  title = {Paxos Made Practical},
  author = {Mazieres, David},
  year = {2007},
  journaltitle = {Unpublished manuscript},
  url = {http://read.seas.harvard.edu/~kohler/class/08w-dsi/mazieres07paxos.pdf},
  urldate = {2016-05-03}
}

@article{paxos_simple,
  title = {Paxos Made Simple},
  author = {Lamport, Leslie},
  year = {2001},
  journaltitle = {ACM Sigact News},
  volume = {32},
  pages = {18--25},
  url = {http://www.cs.utexas.edu/users/lorenzo/corsi/cs380d/past/03F/notes/paxos-simple.pdf},
  urldate = {2014-11-03},
  number = {4}
}

@article{pnuts,
  title = {{{PNUTS}}: {{Yahoo}}!'s Hosted Data Serving Platform},
  author = {Cooper, Brian F. and Ramakrishnan, Raghu and Srivastava, Utkarsh and Silberstein, Adam and Bohannon, Philip and Jacobsen, Hans-Arno and Puz, Nick and Weaver, Daniel and Yerneni, Ramana},
  year = {2008},
  journaltitle = {Proceedings of the VLDB Endowment},
  volume = {1},
  pages = {1277--1288},
  url = {http://dl.acm.org/citation.cfm?id=1454167},
  urldate = {2016-04-29},
  number = {2}
}

@inproceedings{raft,
  title = {In Search of an Understandable Consensus Algorithm},
  booktitle = {2014 {{USENIX Annual Technical Conference}} ({{USENIX ATC}} 14)},
  author = {Ongaro, Diego and Ousterhout, John},
  year = {2014},
  pages = {305--319},
  url = {https://www.usenix.org/conference/atc14/technical-sessions/presentation/ongaro},
  urldate = {2016-05-01}
}
% == BibLateX quality report for raft:
% ? Unsure about the formatting of the booktitle

@article{raft_refloated,
  title = {Raft Refloated: Do We Have Consensus?},
  author = {Howard, Heidi and Schwarzkopf, Malte and Madhavapeddy, Anil and Crowcroft, Jon},
  year = {2015},
  journaltitle = {ACM SIGOPS Operating Systems Review},
  volume = {49},
  pages = {12--21},
  url = {http://dl.acm.org/citation.cfm?id=2723876},
  urldate = {2016-04-27},
  number = {1}
}

@inproceedings{scatter,
  title = {Scalable Consistency in {{Scatter}}},
  booktitle = {Proceedings of the {{Twenty}}-{{Third ACM Symposium}} on {{Operating Systems Principles}}},
  author = {Glendenning, Lisa and Beschastnikh, Ivan and Krishnamurthy, Arvind and Anderson, Thomas},
  year = {2011},
  pages = {15--28},
  publisher = {{ACM}},
  url = {http://dl.acm.org/citation.cfm?id=2043559},
  urldate = {2014-10-27}
}

@article{spanner,
  title = {Spanner: {{Google}}'s Globally Distributed Database},
  author = {Corbett, James C. and Dean, Jeffrey and Epstein, Michael and Fikes, Andrew and Frost, Christopher and Furman, J. J. and Ghemawat, Sanjay and Gubarev, Andrey and Heiser, Christopher and Hochschild, Peter and others},
  year = {2013},
  journaltitle = {ACM Transactions on Computer Systems (TOCS)},
  volume = {31},
  pages = {8},
  url = {http://dl.acm.org/citation.cfm?id=2491245},
  urldate = {2014-11-06},
  number = {3}
}

@inproceedings{spaxos,
  title = {S-Paxos: {{Offloading}} the Leader for High Throughput State Machine Replication},
  booktitle = {Reliable {{Distributed Systems}} ({{SRDS}}), 2012 {{IEEE}} 31st {{Symposium}} On},
  author = {Biely, Martin and Milosevic, Zoran and Santos, Nuno and Schiper, Andre},
  year = {2012},
  pages = {111--120},
  publisher = {{IEEE}},
  url = {http://ieeexplore.ieee.org/xpls/abs_all.jsp?arnumber=6424845},
  urldate = {2016-05-03}
}
% == BibLateX quality report for spaxos:
% ? Unsure about the formatting of the booktitle

@article{sprenkle_exploring_2004,
  title = {Exploring {{Availability}} and {{Usage Guarantees}} in {{Resource Allocation Through Leases}}},
  author = {Sprenkle, Sara E. and others},
  year = {2004},
  journaltitle = {Duke University Computer Science},
  url = {http://www.cs.wlu.edu/~sprenkle/acad/papers/ses_masters.pdf},
  urldate = {2016-08-08}
}
% == BibLateX quality report for sprenkle_exploring_2004:
% ? Title looks like it was stored in title-case in Zotero

@article{stellar,
  title = {The Stellar Consensus Protocol: {{A}} Federated Model for Internet-Level Consensus},
  author = {Mazieres, David},
  year = {2015},
  journaltitle = {Draft, Stellar Development Foundation, 15th May, available at: https://www. stellar. org/papers/stellarconsensus-protocol. pdf (accessed 23rd May, 2015)},
  url = {http://citeseerx.ist.psu.edu/viewdoc/download?doi=10.1.1.696.93&rep=rep1&type=pdf},
  urldate = {2016-02-04}
}
% == BibLateX quality report for stellar:
% ? Possibly abbreviated journal title Draft, Stellar Development Foundation, 15th May, available at: https://www. stellar. org/papers/stellarconsensus-protocol. pdf (accessed 23rd May, 2015)

@inproceedings{tango,
  title = {Tango: {{Distributed}} Data Structures over a Shared Log},
  booktitle = {Proceedings of the {{Twenty}}-{{Fourth ACM Symposium}} on {{Operating Systems Principles}}},
  author = {Balakrishnan, Mahesh and Malkhi, Dahlia and Wobber, Ted and Wu, Ming and Prabhakaran, Vijayan and Wei, Michael and Davis, John D and Rao, Sriram and Zou, Tao and Zuck, Aviad},
  year = {2013},
  pages = {325--340},
  publisher = {{ACM}}
}

@inproceedings{tao,
  title = {Tao: {{Facebook}}'s {{Distributed Data Store}} for the {{Social Graph}}},
  booktitle = {Presented as Part of the 2013 {{USENIX Annual Technical Conference}} ({{USENIX ATC}} 13)},
  author = {Bronson, Nathan and Amsden, Zach and Cabrera, George and Chakka, Prasad and Dimov, Peter and Ding, Hui and Ferris, Jack and Giardullo, Anthony and Kulkarni, Sachin and Li, Harry},
  year = {2013},
  pages = {49--60}
}
% == BibLateX quality report for tao:
% ? Unsure about the formatting of the booktitle
% ? Title looks like it was stored in title-case in Zotero

@inproceedings{tuba,
  title = {A Self-Configurable Geo-Replicated Cloud Storage System},
  booktitle = {11th {{USENIX Symposium}} on {{Operating Systems Design}} and {{Implementation}} ({{OSDI}} 14)},
  author = {Ardekani, Masoud Saeida and Terry, Douglas B.},
  year = {2014},
  pages = {367--381}
}
% == BibLateX quality report for tuba:
% ? Unsure about the formatting of the booktitle

@inproceedings{vcorfu,
  title = {{{vCorfu}}: {{A Cloud}}-{{Scale Object Store}} on a {{Shared Log}}.},
  booktitle = {{{NSDI}}},
  author = {Wei, Michael and Tai, Amy and Rossbach, Christopher J and Abraham, Ittai and Munshed, Maithem and Dhawan, Medhavi and Stabile, Jim and Wieder, Udi and Fritchie, Scott and Swanson, Steven and others},
  year = {2017},
  pages = {35--49}
}
% == BibLateX quality report for vcorfu:
% ? Unsure about the formatting of the booktitle

@inproceedings{vertical_paxos,
  title = {Vertical Paxos and Primary-Backup Replication},
  booktitle = {Proceedings of the 28th {{ACM}} Symposium on {{Principles}} of Distributed Computing},
  author = {Lamport, Leslie and Malkhi, Dahlia and Zhou, Lidong},
  year = {2009},
  pages = {312--313},
  publisher = {{ACM}}
}
% == BibLateX quality report for vertical_paxos:
% ? Unsure about the formatting of the booktitle

@article{wpaxos,
  title = {{{WPaxos}}: {{Ruling}} the {{Archipelago}} with {{Fast Consensus}}},
  author = {Ailijiang, Ailidani and Charapko, Aleksey and Demirbas, Murat and Kosar, Tevfik}
}
% == BibLateX quality report for wpaxos:
% Exactly one of 'date' / 'year' must be present
% Missing required field 'journaltitle'
% ? Title looks like it was stored in title-case in Zotero

@inproceedings{zookeeper,
  title = {{{ZooKeeper}}: {{Wait}}-Free {{Coordination}} for {{Internet}}-Scale {{Systems}}.},
  booktitle = {{{USENIX Annual Technical Conference}}},
  author = {Hunt, Patrick and Konar, Mahadev and Junqueira, Flavio Paiva and Reed, Benjamin},
  year = {2010},
  volume = {8},
  pages = {9},
  url = {https://www.usenix.org/event/usenix10/tech/full_papers/Hunt.pdf},
  urldate = {2016-05-01}
}
% == BibLateX quality report for zookeeper:
% ? Unsure about the formatting of the booktitle


