
@inproceedings{douceur_competitive_2001,
	title = {Competitive hill-climbing strategies for replica placement in a distributed file system},
	url = {http://link.springer.com/chapter/10.1007/3-540-45414-4_4},
	abstract = {"This is what our adapative methodology should beat".},
	pages = {48--62},
	booktitle = {International Symposium on Distributed Computing},
	publisher = {Springer},
	author = {Douceur, John R. and Wattenhofer, Roger P.},
	urldate = {2016-12-07},
	date = {2001},
	file = {Snapshot:/Users/benjamin/Zotero/storage/9UEUKFZ7/3-540-45414-4_4.html:text/html}
}

@article{qian_recognition_2010,
	title = {Recognition of human activities using {SVM} multi-class classifier},
	volume = {31},
	url = {http://www.sciencedirect.com/science/article/pii/S0167865509002530},
	pages = {100--111},
	number = {2},
	journaltitle = {Pattern Recognition Letters},
	author = {Qian, Huimin and Mao, Yaobin and Xiang, Wenbo and Wang, Zhiquan},
	urldate = {2016-11-16},
	date = {2010},
	file = {[PDF] semanticscholar.org:/Users/benjamin/Zotero/storage/BSGGQ8XA/Qian et al. - 2010 - Recognition of human activities using SVM multi-cl.pdf:application/pdf;Snapshot:/Users/benjamin/Zotero/storage/C4SFXGKV/S0167865509002530.html:text/html}
}

@article{kalai_efficient_2005,
	title = {Efficient algorithms for online decision problems},
	volume = {71},
	url = {http://www.sciencedirect.com/science/article/pii/S0022000004001394},
	pages = {291--307},
	number = {3},
	journaltitle = {Journal of Computer and System Sciences},
	author = {Kalai, Adam and Vempala, Santosh},
	urldate = {2016-11-16},
	date = {2005},
	file = {[HTML] sciencedirect.com:/Users/benjamin/Zotero/storage/USQK23FN/S0022000004001394.html:text/html}
}

@inproceedings{osugi_balancing_2005,
	title = {Balancing exploration and exploitation: A new algorithm for active machine learning},
	url = {http://ieeexplore.ieee.org/xpls/abs_all.jsp?arnumber=1565696},
	shorttitle = {Balancing exploration and exploitation},
	pages = {8--pp},
	booktitle = {Fifth {IEEE} International Conference on Data Mining ({ICDM}'05)},
	publisher = {{IEEE}},
	author = {Osugi, Thomas and Kim, Deng and Scott, Stephen},
	urldate = {2016-11-16},
	date = {2005},
	file = {[PDF] unl.edu:/Users/benjamin/Zotero/storage/PFJMI9XW/Osugi et al. - 2005 - Balancing exploration and exploitation A new algo.pdf:application/pdf;Snapshot:/Users/benjamin/Zotero/storage/3MRKWJGV/1565696.html:text/html}
}

@inproceedings{bouneffouf_contextual_2014,
	title = {Contextual bandit for active learning: Active thompson sampling},
	url = {http://link.springer.com/chapter/10.1007/978-3-319-12637-1_51},
	shorttitle = {Contextual bandit for active learning},
	pages = {405--412},
	booktitle = {International Conference on Neural Information Processing},
	publisher = {Springer},
	author = {Bouneffouf, Djallel and Laroche, Romain and Urvoy, Tanguy and FÃ©raud, Raphael and Allesiardo, Robin},
	urldate = {2016-11-16},
	date = {2014},
	file = {[PDF] archives-ouvertes.fr:/Users/benjamin/Zotero/storage/PNR9RUUC/Bouneffouf et al. - 2014 - Contextual bandit for active learning Active thom.pdf:application/pdf;Snapshot:/Users/benjamin/Zotero/storage/4HIWBVF4/978-3-319-12637-1_51.html:text/html}
}

@inproceedings{angiulli_fast_2002,
	title = {Fast outlier detection in high dimensional spaces},
	url = {http://link.springer.com/chapter/10.1007/3-540-45681-3_2},
	pages = {15--27},
	booktitle = {European Conference on Principles of Data Mining and Knowledge Discovery},
	publisher = {Springer},
	author = {Angiulli, Fabrizio and Pizzuti, Clara},
	urldate = {2016-11-16},
	date = {2002},
	file = {[PDF] researchgate.net:/Users/benjamin/Zotero/storage/88GSMDPW/Angiulli and Pizzuti - 2002 - Fast outlier detection in high dimensional spaces.pdf:application/pdf;Snapshot:/Users/benjamin/Zotero/storage/BJEGPJV3/3-540-45681-3_2.html:text/html}
}

@inproceedings{dokas_data_2002,
	title = {Data mining for network intrusion detection},
	url = {http://www.csee.umbc.edu/~kolari1/Mining/ngdm/dokas.pdf},
	pages = {21--30},
	booktitle = {Proc. {NSF} Workshop on Next Generation Data Mining},
	author = {Dokas, Paul and Ertoz, Levent and Kumar, Vipin and Lazarevic, Aleksandar and Srivastava, Jaideep and Tan, Pang-Ning},
	urldate = {2016-11-16},
	date = {2002},
	file = {[PDF] umbc.edu:/Users/benjamin/Zotero/storage/G2E23UVR/Dokas et al. - 2002 - Data mining for network intrusion detection.pdf:application/pdf}
}

@inproceedings{oates_investigating_1998,
	title = {Investigating evolutionary approaches to adaptive database management against various quality of service metrics},
	url = {http://link.springer.com/chapter/10.1007/BFb0056919},
	pages = {775--784},
	booktitle = {International Conference on Parallel Problem Solving from Nature},
	publisher = {Springer},
	author = {Oates, Martin J. and Corne, David},
	urldate = {2016-11-16},
	date = {1998},
	file = {Snapshot:/Users/benjamin/Zotero/storage/Z4I5XN6E/BFb0056919.html:text/html}
}

@article{evans_overcoming_1994,
	title = {Overcoming process delays with decision tree induction},
	volume = {9},
	url = {http://ieeexplore.ieee.org/xpls/abs_all.jsp?arnumber=295130},
	pages = {60--66},
	number = {1},
	journaltitle = {{IEEE} expert},
	author = {Evans, Bob and Fisher, Doug},
	urldate = {2016-11-16},
	date = {1994},
	file = {[PDF] ucdavis.edu:/Users/benjamin/Zotero/storage/MFIPPII7/Evans and Fisher - 1994 - Overcoming process delays with decision tree induc.pdf:application/pdf;Snapshot:/Users/benjamin/Zotero/storage/P3ZD6E58/295130.html:text/html}
}

@article{boyan_packet_1994,
	title = {Packet routing in dynamically changing networks: A reinforcement learning approach},
	url = {http://www-2.cs.cmu.edu/~jab/cv/pubs/boyan.q-routing.pdf},
	shorttitle = {Packet routing in dynamically changing networks},
	pages = {671--671},
	journaltitle = {Advances in neural information processing systems},
	author = {Boyan, Justin A. and Littman, Michael L.},
	urldate = {2016-11-14},
	date = {1994},
	file = {[PDF] cmu.edu:/Users/benjamin/Zotero/storage/5C9SMV9P/Boyan and Littman - 1994 - Packet routing in dynamically changing networks A.pdf:application/pdf}
}

@inproceedings{langford_epoch-greedy_2008,
	title = {The epoch-greedy algorithm for multi-armed bandits with side information},
	url = {http://papers.nips.cc/paper/3178-the-epoch-greedy-algorithm-for-multi-armed-bandits-with-side-information},
	pages = {817--824},
	booktitle = {Advances in neural information processing systems},
	author = {Langford, John and Zhang, Tong},
	urldate = {2016-11-14},
	date = {2008},
	file = {[PDF] nips.cc:/Users/benjamin/Zotero/storage/3UWDTNIS/Langford and Zhang - 2008 - The epoch-greedy algorithm for multi-armed bandits.pdf:application/pdf;Snapshot:/Users/benjamin/Zotero/storage/CRJMS3F5/3178-the-epoch-greedy-algorithm-for-multi-armed-bandits-with-side-information.html:text/html}
}

@inproceedings{lauer_algorithm_2000,
	title = {An algorithm for distributed reinforcement learning in cooperative multi-agent systems},
	url = {http://citeseerx.ist.psu.edu/viewdoc/summary?doi=10.1.1.2.772},
	booktitle = {In Proceedings of the Seventeenth International Conference on Machine Learning},
	publisher = {Citeseer},
	author = {Lauer, Martin and Riedmiller, Martin},
	urldate = {2016-11-14},
	date = {2000},
	file = {Snapshot:/Users/benjamin/Zotero/storage/4TAWEZTS/summary.html:text/html}
}

@article{clancy_applications_2007,
	title = {Applications of machine learning to cognitive radio networks},
	volume = {14},
	url = {http://ieeexplore.ieee.org/xpls/abs_all.jsp?arnumber=4300983},
	pages = {47--52},
	number = {4},
	journaltitle = {{IEEE} Wireless Communications},
	author = {Clancy, Charles and Hecker, Joe and Stuntebeck, Erich and O'Shea, Tim},
	urldate = {2016-11-14},
	date = {2007},
	file = {[PDF] psu.edu:/Users/benjamin/Zotero/storage/7EXK3ZNV/Clancy et al. - 2007 - Applications of machine learning to cognitive radi.pdf:application/pdf;Snapshot:/Users/benjamin/Zotero/storage/WFSZ9P7W/4300983.html:text/html}
}

@article{decandia2007dynamo,
  title={Dynamo: amazon's highly available key-value store},
  author={DeCandia, Giuseppe and Hastorun, Deniz and Jampani, Madan and Kakulapati, Gunavardhan and Lakshman, Avinash and Pilchin, Alex and Sivasubramanian, Swaminathan and Vosshall, Peter and Vogels, Werner},
  journal={ACM SIGOPS operating systems review},
  volume={41},
  number={6},
  pages={205--220},
  year={2007},
  publisher={ACM}
}

@inproceedings{terry1995managing,
  title={Managing update conflicts in Bayou, a weakly connected replicated storage system},
  author={Terry, Douglas B and Theimer, Marvin M and Petersen, Karin and Demers, Alan J and Spreitzer, Mike J and Hauser, Carl H},
  booktitle={ACM SIGOPS Operating Systems Review},
  volume={29},
  number={5},
  pages={172--182},
  year={1995},
  organization={ACM}
}

@article{vogels2009eventually,
  title={Eventually consistent},
  author={Vogels, Werner},
  journal={Communications of the ACM},
  volume={52},
  number={1},
  pages={40--44},
  year={2009},
  publisher={AcM}
}

@article{haeupler2015simple,
  title={Simple, fast and deterministic gossip and rumor spreading},
  author={Haeupler, Bernhard},
  journal={Journal of the ACM (JACM)},
  volume={62},
  number={6},
  pages={47},
  year={2015},
  publisher={ACM}
}

@article{bailis2012probabilistically,
  title={Probabilistically bounded staleness for practical partial quorums},
  author={Bailis, Peter and Venkataraman, Shivaram and Franklin, Michael J and Hellerstein, Joseph M and Stoica, Ion},
  journal={Proceedings of the VLDB Endowment},
  volume={5},
  number={8},
  pages={776--787},
  year={2012},
  publisher={VLDB Endowment}
}

@article{parker1983detection,
  title={Detection of mutual inconsistency in distributed systems},
  author={Parker, D Stott and Popek, Gerald J and Rudisin, Gerard and Stoughton, Allen and Walker, Bruce J and Walton, Evelyn and Chow, Johanna M and Edwards, David and Kiser, Stephen and Kline, Charles},
  journal={IEEE transactions on Software Engineering},
  number={3},
  pages={240--247},
  year={1983},
  publisher={IEEE}
}


@inproceedings{almeida2002version,
  title={Version stamps-decentralized version vectors},
  author={Almeida, Paulo S{\'e}rgio and Baquero, Carlos and Fonte, Victor},
  booktitle={Distributed Computing Systems, 2002. Proceedings. 22nd International Conference on},
  pages={544--551},
  year={2002},
  organization={IEEE}
}
