
@inproceedings{ongaro_search_2014,
  title = {In search of an understandable consensus algorithm},
  timestamp = {2016-05-02T18:51:57Z},
  urldate = {2016-05-01},
  booktitle = {2014 {{USENIX Annual Technical Conference}} ({{USENIX ATC}} 14)},
  author = {Ongaro, Diego and Ousterhout, John},
  year = {2014},
  pages = {305--319},
  file = {raft.pdf:/Users/benjamin/Library/Application Support/Zotero/Profiles/i8zmk51x.default/zotero/storage/WFQ5VNT6/raft.pdf:application/pdf;Snapshot:/Users/benjamin/Library/Application Support/Zotero/Profiles/i8zmk51x.default/zotero/storage/KSZZBIN9/ongaro.html:text/html}
}

@article{deno-toc,
  title = {Deno: {{A Decentralized}}, {{Peer}}-to-{{Peer Object Replication System}} for {{Mobile}} and {{Weakly-Connected Environments}}},
  volume = {52},
  timestamp = {2016-07-29T12:11:27Z},
  number = {7},
  journal = {IEEE Transactions on Computers (TOC)},
  author = {Cetintemel, U. and Keleher, P. J. and Bhattacharjee, B. and Franklin, M. J.},
  month = jul,
  year = {2003},
  file = {keleher_deno-toc.pdf:/Users/benjamin/Library/Application Support/Zotero/Profiles/i8zmk51x.default/zotero/storage/CQBAJIRX/keleher_deno-toc.pdf:application/pdf}
}

@inproceedings{agrawal_mixed_1994,
  title = {Mixed consistency: a model for parallel programming},
  shorttitle = {Mixed consistency},
  timestamp = {2016-08-09T10:57:07Z},
  urldate = {2016-08-09},
  booktitle = {Proceedings of the thirteenth annual {{ACM}} symposium on {{Principles}} of distributed computing},
  publisher = {{ACM}},
  author = {Agrawal, Divyakant and Choy, Manhoi and {Va Leong}, Hong and Singh, Ambuj K.},
  year = {1994},
  pages = {101--110},
  file = {[PDF] psu.edu:/Users/benjamin/Library/Application Support/Zotero/Profiles/i8zmk51x.default/zotero/storage/MPE4MM4W/Agrawal et al. - 1994 - Mixed consistency a model for parallel programmin.pdf:application/pdf;Snapshot:/Users/benjamin/Library/Application Support/Zotero/Profiles/i8zmk51x.default/zotero/storage/I5KQNPJZ/citation.html:text/html}
}

@article{pitoura_data_1999,
  title = {Data consistency in intermittently connected distributed systems},
  volume = {11},
  timestamp = {2016-08-09T10:59:26Z},
  number = {6},
  urldate = {2016-08-09},
  journal = {IEEE Transactions on knowledge and data engineering},
  author = {Pitoura, Evaggelia and Bhargava, Bharat},
  year = {1999},
  pages = {896--915},
  file = {[PDF] auth.gr:/Users/benjamin/Library/Application Support/Zotero/Profiles/i8zmk51x.default/zotero/storage/6TVXAQSV/Pitoura and Bhargava - 1999 - Data consistency in intermittently connected distr.pdf:application/pdf;Snapshot:/Users/benjamin/Library/Application Support/Zotero/Profiles/i8zmk51x.default/zotero/storage/8HXEJ6D8/login.html:text/html}
}

@inproceedings{bermbach_metastorage:_2011,
  title = {Metastorage: {{A}} federated cloud storage system to manage consistency-latency tradeoffs},
  shorttitle = {Metastorage},
  timestamp = {2016-08-09T11:02:09Z},
  urldate = {2016-08-09},
  booktitle = {Cloud {{Computing}} ({{CLOUD}}), 2011 {{IEEE International Conference}} on},
  publisher = {{IEEE}},
  author = {Bermbach, David and Klems, Markus and Tai, Stefan and Menzel, Michael},
  year = {2011},
  pages = {452--459},
  file = {[PDF] kit.edu:/Users/benjamin/Library/Application Support/Zotero/Profiles/i8zmk51x.default/zotero/storage/QEKSFN23/Bermbach et al. - 2011 - Metastorage A federated cloud storage system to m.pdf:application/pdf;Snapshot:/Users/benjamin/Library/Application Support/Zotero/Profiles/i8zmk51x.default/zotero/storage/D4I5RTFD/login.html:text/html}
}

@inproceedings{wiederhold_consistency_1990,
  title = {Consistency control of replicated data in federated databases},
  timestamp = {2016-08-09T11:04:21Z},
  urldate = {2016-08-09},
  booktitle = {Management of {{Replicated Data}}, 1990. {{Proceedings}}., {{Workshop}} on the},
  publisher = {{IEEE}},
  author = {Wiederhold, Gio and Qian, Xiaolei},
  year = {1990},
  pages = {130--132},
  file = {00138260.pdf:/Users/benjamin/Library/Application Support/Zotero/Profiles/i8zmk51x.default/zotero/storage/R3SSMEBW/00138260.pdf:application/pdf;Snapshot:/Users/benjamin/Library/Application Support/Zotero/Profiles/i8zmk51x.default/zotero/storage/4VDJ3WC5/login.html:text/html}
}

@inproceedings{al-ekram_multi-consistency_2010,
  title = {Multi-consistency data replication},
  timestamp = {2016-08-09T11:06:42Z},
  urldate = {2016-08-09},
  booktitle = {Parallel and {{Distributed Systems}} ({{ICPADS}}), 2010 {{IEEE}} 16th {{International Conference}} on},
  publisher = {{IEEE}},
  author = {Al-Ekram, Raihan and Holt, Ric},
  year = {2010},
  pages = {568--577},
  file = {05695649.pdf:/Users/benjamin/Library/Application Support/Zotero/Profiles/i8zmk51x.default/zotero/storage/6ZCWDRMX/05695649.pdf:application/pdf;Snapshot:/Users/benjamin/Library/Application Support/Zotero/Profiles/i8zmk51x.default/zotero/storage/NG2NAZV7/login.html:text/html}
}

@article{glynn_multi-consistency_2005,
  title = {Multi-consistency in {{Peer}}-to-{{Peer}} computing},
  timestamp = {2016-08-09T11:09:42Z},
  urldate = {2016-08-09},
  journal = {European project (PEPITO IST-2001-33234)},
  author = {Glynn, Kevin and {Van Roy}, Peter},
  year = {2005},
  file = {rr2005-04.pdf:/Users/benjamin/Library/Application Support/Zotero/Profiles/i8zmk51x.default/zotero/storage/HUMCWEJV/rr2005-04.pdf:application/pdf}
}

@inproceedings{golab_analyzing_2011,
  title = {Analyzing consistency properties for fun and profit},
  timestamp = {2016-08-09T11:12:57Z},
  urldate = {2016-08-09},
  booktitle = {Proceedings of the 30th annual {{ACM SIGACT-SIGOPS}} symposium on {{Principles}} of distributed computing},
  publisher = {{ACM}},
  author = {Golab, Wojciech and Li, Xiaozhou and Shah, Mehul A.},
  year = {2011},
  pages = {197--206},
  file = {[PDF] hp.com:/Users/benjamin/Library/Application Support/Zotero/Profiles/i8zmk51x.default/zotero/storage/PBHWAXKG/Golab et al. - 2011 - Analyzing consistency properties for fun and profi.pdf:application/pdf;Snapshot:/Users/benjamin/Library/Application Support/Zotero/Profiles/i8zmk51x.default/zotero/storage/B64FQIMI/citation.html:text/html}
}

@inproceedings{afek_quasi-linearizability:_2010,
  title = {Quasi-linearizability: {{Relaxed}} consistency for improved concurrency},
  shorttitle = {Quasi-linearizability},
  timestamp = {2016-08-09T11:28:56Z},
  urldate = {2016-08-09},
  booktitle = {International {{Conference}} on {{Principles}} of {{Distributed Systems}}},
  publisher = {{Springer}},
  author = {Afek, Yehuda and Korland, Guy and Yanovsky, Eitan},
  year = {2010},
  pages = {395--410},
  file = {[PDF] velox-project.eu:/Users/benjamin/Library/Application Support/Zotero/Profiles/i8zmk51x.default/zotero/storage/6WFXFK7K/Afek et al. - 2010 - Quasi-linearizability Relaxed consistency for imp.pdf:application/pdf;Snapshot:/Users/benjamin/Library/Application Support/Zotero/Profiles/i8zmk51x.default/zotero/storage/A929S7HK/10.html:text/html}
}

@incollection{bermbach_consistency_2013,
  title = {Consistency in distributed storage systems},
  timestamp = {2016-08-09T11:29:52Z},
  urldate = {2016-08-09},
  booktitle = {Networked {{Systems}}},
  publisher = {{Springer}},
  author = {Bermbach, David and Kuhlenkamp, J{\"o}rn},
  year = {2013},
  pages = {175--189},
  file = {Snapshot:/Users/benjamin/Library/Application Support/Zotero/Profiles/i8zmk51x.default/zotero/storage/P88RTVUC/978-3-642-40148-0_13.html:text/html}
}

@article{yu_design_2002,
  title = {Design and evaluation of a conit-based continuous consistency model for replicated services},
  volume = {20},
  timestamp = {2016-08-09T11:32:53Z},
  number = {3},
  urldate = {2016-08-09},
  journal = {ACM Transactions on Computer Systems (TOCS)},
  author = {Yu, Haifeng and Vahdat, Amin},
  year = {2002},
  pages = {239--282},
  file = {[PDF] nus.edu.sg:/Users/benjamin/Library/Application Support/Zotero/Profiles/i8zmk51x.default/zotero/storage/DNHMXKXV/Yu and Vahdat - 2002 - Design and evaluation of a conit-based continuous .pdf:application/pdf;Snapshot:/Users/benjamin/Library/Application Support/Zotero/Profiles/i8zmk51x.default/zotero/storage/UV4RTNWV/citation.html:text/html}
}

@article{torres-rojas_convergence_2005,
  title = {Convergence through a weak consistency model: {{Timed}} causal consistency},
  volume = {8},
  shorttitle = {Convergence through a weak consistency model},
  timestamp = {2016-08-09T11:33:33Z},
  number = {2},
  urldate = {2016-08-09},
  journal = {CLEI electronic journal},
  author = {Torres-Rojas, Francisco J. and Meneses, Esteban},
  year = {2005},
  file = {[PDF] clei.org:/Users/benjamin/Library/Application Support/Zotero/Profiles/i8zmk51x.default/zotero/storage/EW6JTG35/Torres-Rojas and Meneses - 2005 - Convergence through a weak consistency model Time.pdf:application/pdf}
}

@inproceedings{krishnamurthy_adaptive_2002,
  title = {An adaptive framework for tunable consistency and timeliness using replication},
  timestamp = {2016-08-09T11:35:28Z},
  urldate = {2016-08-09},
  booktitle = {Dependable {{Systems}} and {{Networks}}, 2002. {{DSN}} 2002. {{Proceedings}}. {{International Conference}} on},
  publisher = {{IEEE}},
  author = {Krishnamurthy, Sudha and Sanders, William H. and Cukier, Michel},
  year = {2002},
  pages = {17--26},
  file = {[PDF] psu.edu:/Users/benjamin/Library/Application Support/Zotero/Profiles/i8zmk51x.default/zotero/storage/NVGNZJ4V/Krishnamurthy et al. - 2002 - An adaptive framework for tunable consistency and .pdf:application/pdf;Snapshot:/Users/benjamin/Library/Application Support/Zotero/Profiles/i8zmk51x.default/zotero/storage/FN4PJKWZ/login.html:text/html}
}

@inproceedings{chihoub_consistency_2013,
  title = {Consistency in the cloud: {{When}} money does matter!},
  shorttitle = {Consistency in the cloud},
  timestamp = {2016-08-09T11:36:55Z},
  urldate = {2016-08-09},
  booktitle = {Cluster, {{Cloud}} and {{Grid Computing}} ({{CCGrid}}), 2013 13th {{IEEE}}/{{ACM International Symposium}} on},
  publisher = {{IEEE}},
  author = {Chihoub, Houssem-Eddine and Ibrahim, Shadi and Antoniu, Gabriel and Perez, Maria S.},
  year = {2013},
  pages = {352--359},
  file = {[PDF] inria.fr:/Users/benjamin/Library/Application Support/Zotero/Profiles/i8zmk51x.default/zotero/storage/H5BBTGGD/Chihoub et al. - 2013 - Consistency in the cloud When money does matter!.pdf:application/pdf;Snapshot:/Users/benjamin/Library/Application Support/Zotero/Profiles/i8zmk51x.default/zotero/storage/AQVPV3GB/login.html:text/html}
}

@inproceedings{chihoub_harmony:_2012,
  title = {Harmony: {{Towards}} automated self-adaptive consistency in cloud storage},
  shorttitle = {Harmony},
  timestamp = {2016-08-09T11:37:10Z},
  urldate = {2016-08-09},
  booktitle = {2012 {{IEEE International Conference}} on {{Cluster Computing}}},
  publisher = {{IEEE}},
  author = {Chihoub, Houssem-Eddine and Ibrahim, Shadi and Antoniu, Gabriel and Perez, Maria S.},
  year = {2012},
  pages = {293--301},
  file = {[PDF] archives-ouvertes.fr:/Users/benjamin/Library/Application Support/Zotero/Profiles/i8zmk51x.default/zotero/storage/XNAE7WMI/Chihoub et al. - 2012 - Harmony Towards automated self-adaptive consisten.pdf:application/pdf;Snapshot:/Users/benjamin/Library/Application Support/Zotero/Profiles/i8zmk51x.default/zotero/storage/UST355SD/login.html:text/html}
}

@article{ramakrishnan_cap_2012,
  title = {Cap and cloud data management},
  volume = {45},
  timestamp = {2016-08-09T11:39:15Z},
  number = {2},
  urldate = {2016-08-09},
  journal = {Computer},
  author = {Ramakrishnan, Raghu},
  year = {2012},
  pages = {43--49},
  file = {[PDF] psu.edu:/Users/benjamin/Library/Application Support/Zotero/Profiles/i8zmk51x.default/zotero/storage/K3JD9W24/Ramakrishnan - 2012 - Cap and cloud data management.pdf:application/pdf}
}

@article{kraska_consistency_2009,
  title = {Consistency rationing in the cloud: pay only when it matters},
  volume = {2},
  shorttitle = {Consistency rationing in the cloud},
  timestamp = {2016-08-09T11:50:59Z},
  number = {1},
  urldate = {2016-08-09},
  journal = {Proceedings of the VLDB Endowment},
  author = {Kraska, Tim and Hentschel, Martin and Alonso, Gustavo and Kossmann, Donald},
  year = {2009},
  pages = {253--264},
  file = {[PDF] brown.edu:/Users/benjamin/Library/Application Support/Zotero/Profiles/i8zmk51x.default/zotero/storage/K5CZ3RE8/Kraska et al. - 2009 - Consistency rationing in the cloud pay only when .pdf:application/pdf;Snapshot:/Users/benjamin/Library/Application Support/Zotero/Profiles/i8zmk51x.default/zotero/storage/I3C4QFQV/citation.html:text/html}
}

@inproceedings{li_making_2012,
  title = {Making geo-replicated systems fast as possible, consistent when necessary},
  timestamp = {2016-08-09T11:54:48Z},
  urldate = {2016-08-09},
  booktitle = {Presented as part of the 10th {{USENIX Symposium}} on {{Operating Systems Design}} and {{Implementation}} ({{OSDI}} 12)},
  author = {Li, Cheng and Porto, Daniel and Clement, Allen and Gehrke, Johannes and Pregui{\c c}a, Nuno and Rodrigues, Rodrigo},
  year = {2012},
  pages = {265--278},
  file = {[PDF] usenix.org:/Users/benjamin/Library/Application Support/Zotero/Profiles/i8zmk51x.default/zotero/storage/M73QI9I8/Li et al. - 2012 - Making geo-replicated systems fast as possible, co.pdf:application/pdf;Snapshot:/Users/benjamin/Library/Application Support/Zotero/Profiles/i8zmk51x.default/zotero/storage/GIWSEIPE/li.html:text/html}
}


