
@inproceedings{venkataramani_operating_2002,
  title = {Operating System Support for Massive Replication},
  url = {http://dl.acm.org/citation.cfm?id=1133420},
  booktitle = {Proceedings of the 10th Workshop on {{ACM SIGOPS European}} Workshop},
  publisher = {{ACM}},
  urldate = {2016-03-31},
  year = {2002},
  pages = {227--230},
  author = {Venkataramani, Arun and Kokku, Ravi and Dahlin, Mike}
}
% == BibLateX quality report for venkataramani_operating_2002:
% ? Unsure about the formatting of the booktitle

@inproceedings{bermbach_eventual_2011,
  title = {Eventual Consistency: {{How}} Soon Is Eventual? {{An}} Evaluation of {{Amazon S3}}'s Consistency Behavior},
  url = {http://dl.acm.org/citation.cfm?id=2093186},
  booktitle = {Proceedings of the 6th {{Workshop}} on {{Middleware}} for {{Service Oriented Computing}}},
  publisher = {{ACM}},
  urldate = {2016-02-12},
  year = {2011},
  pages = {1},
  author = {Bermbach, David and Tai, Stefan}
}

@inproceedings{bailis_potential_2012,
  title = {The Potential Dangers of Causal Consistency and an Explicit Solution},
  url = {http://dl.acm.org/citation.cfm?id=2391251},
  booktitle = {Proceedings of the {{Third ACM Symposium}} on {{Cloud Computing}}},
  publisher = {{ACM}},
  urldate = {2016-02-12},
  year = {2012},
  pages = {22},
  author = {Bailis, Peter and Fekete, Alan and Ghodsi, Ali and Hellerstein, Joseph M. and Stoica, Ion}
}

@article{probabilistically_bounded_staleness,
  title = {Probabilistically Bounded Staleness for Practical Partial Quorums},
  volume = {5},
  url = {http://dl.acm.org/citation.cfm?id=2212359},
  number = {8},
  journaltitle = {Proceedings of the VLDB Endowment},
  urldate = {2016-01-04},
  year = {2012},
  pages = {776--787},
  author = {Bailis, Peter and Venkataraman, Shivaram and Franklin, Michael J. and Hellerstein, Joseph M. and Stoica, Ion}
}

@article{hewitt_actors,
  title = {Viewing Control Structures as Patterns of Passing Messages},
  volume = {8},
  number = {3},
  journaltitle = {Artificial intelligence},
  year = {1977},
  pages = {323--364},
  author = {Hewitt, Carl}
}

@article{scala_actors,
  title = {Scala Actors: {{Unifying}} Thread-Based and Event-Based Programming},
  volume = {410},
  url = {http://www.sciencedirect.com/science/article/pii/S0304397508006695},
  number = {2},
  journaltitle = {Theoretical Computer Science},
  urldate = {2015-12-15},
  year = {2009},
  pages = {202--220},
  author = {Haller, Philipp and Odersky, Martin}
}

@inproceedings{log_memory,
  title = {Log-Structured Memory for {{DRAM}}-Based Storage.},
  url = {https://www.usenix.org/system/files/conference/fast14/fast14-paper_rumble.pdf},
  booktitle = {{{FAST}}},
  urldate = {2014-12-03},
  year = {2014},
  pages = {1--16},
  author = {Rumble, Stephen M. and Kejriwal, Ankita and Ousterhout, John K.}
}
% == BibLateX quality report for log_memory:
% ? Unsure about the formatting of the booktitle

@article{spanner,
  title = {Spanner: {{Google}}'s Globally Distributed Database},
  volume = {31},
  url = {http://dl.acm.org/citation.cfm?id=2491245},
  number = {3},
  journaltitle = {ACM Transactions on Computer Systems (TOCS)},
  urldate = {2014-11-06},
  year = {2013},
  pages = {8},
  author = {Corbett, James C. and Dean, Jeffrey and Epstein, Michael and Fikes, Andrew and Frost, Christopher and Furman, J. J. and Ghemawat, Sanjay and Gubarev, Andrey and Heiser, Christopher and Hochschild, Peter and others}
}

@inproceedings{cops,
  title = {Don't Settle for Eventual: Scalable Causal Consistency for Wide-Area Storage with {{COPS}}},
  url = {http://dl.acm.org/citation.cfm?id=2043593},
  booktitle = {Proceedings of the {{Twenty}}-{{Third ACM Symposium}} on {{Operating Systems Principles}}},
  publisher = {{ACM}},
  urldate = {2014-11-06},
  year = {2011},
  pages = {401--416},
  author = {Lloyd, Wyatt and Freedman, Michael J. and Kaminsky, Michael and Andersen, David G.}
}

@inproceedings{walter,
  title = {Transactional Storage for Geo-Replicated Systems},
  url = {http://dl.acm.org/citation.cfm?id=2043592},
  booktitle = {Proceedings of the {{Twenty}}-{{Third ACM Symposium}} on {{Operating Systems Principles}}},
  publisher = {{ACM}},
  urldate = {2014-10-27},
  year = {2011},
  pages = {385--400},
  author = {Sovran, Yair and Power, Russell and Aguilera, Marcos K. and Li, Jinyang}
}

@inproceedings{scatter,
  title = {Scalable Consistency in {{Scatter}}},
  url = {http://dl.acm.org/citation.cfm?id=2043559},
  booktitle = {Proceedings of the {{Twenty}}-{{Third ACM Symposium}} on {{Operating Systems Principles}}},
  publisher = {{ACM}},
  urldate = {2014-10-27},
  year = {2011},
  pages = {15--28},
  author = {Glendenning, Lisa and Beschastnikh, Ivan and Krishnamurthy, Arvind and Anderson, Thomas}
}

@article{hat,
  title = {Highly {{Available Transactions}}: {{Virtues}} and {{Limitations}} ({{Extended Version}})},
  volume = {7},
  url = {http://arxiv.org/abs/1302.0309},
  number = {3},
  journaltitle = {Proceedings of the VLDB Endowment},
  urldate = {2014-10-22},
  year = {2013},
  pages = {181-192},
  author = {Bailis, Peter and Davidson, Aaron and Fekete, Alan and Ghodsi, Ali and Hellerstein, Joseph M. and Stoica, Ion}
}
% == BibLateX quality report for hat:
% ? Title looks like it was stored in title-case in Zotero

@inproceedings{anti_entropy,
  title = {Session Guarantees for Weakly Consistent Replicated Data},
  url = {http://ieeexplore.ieee.org/xpls/abs_all.jsp?arnumber=331722},
  booktitle = {Parallel and {{Distributed Information Systems}}, 1994., {{Proceedings}} of the {{Third International Conference}} On},
  publisher = {{IEEE}},
  urldate = {2014-10-01},
  year = {1994},
  pages = {140--149},
  author = {Terry, Douglas B. and Demers, Alan J. and Petersen, Karin and Spreitzer, Mike J. and Theimer, Marvin M. and Welch, Brent B.}
}
% == BibLateX quality report for anti_entropy:
% ? Unsure about the formatting of the booktitle

@inproceedings{orifs,
  title = {Replication, History, and Grafting in the {{Ori}} File System},
  url = {http://dl.acm.org/citation.cfm?id=2522721},
  booktitle = {Proceedings of the {{Twenty}}-{{Fourth ACM Symposium}} on {{Operating Systems Principles}}},
  publisher = {{ACM}},
  urldate = {2014-09-29},
  year = {2013},
  pages = {151--166},
  author = {Mashtizadeh, Ali Jos\'e and Bittau, Andrea and Huang, Yifeng Frank and Mazieres, David}
}

@inproceedings{oceanstore,
  title = {Oceanstore: {{An}} Architecture for Global-Scale Persistent Storage},
  volume = {35},
  url = {http://dl.acm.org/citation.cfm?id=357007},
  booktitle = {{{ACM Sigplan Notices}}},
  urldate = {2014-09-23},
  year = {2000},
  pages = {190--201},
  author = {Kubiatowicz, John and Bindel, David and Chen, Yan and Czerwinski, Steven and Eaton, Patrick and Geels, Dennis and Gummadi, Ramakrishan and Rhea, Sean and Weatherspoon, Hakim and Weimer, Westley and others}
}
% == BibLateX quality report for oceanstore:
% ? Unsure about the formatting of the booktitle

@article{logfs,
  title = {The Design and Implementation of a Log-Structured File System},
  volume = {10},
  url = {http://dl.acm.org/citation.cfm?id=146943},
  number = {1},
  journaltitle = {ACM Transactions on Computer Systems (TOCS)},
  urldate = {2014-09-23},
  year = {1992},
  pages = {26--52},
  author = {Rosenblum, Mendel and Ousterhout, John K.}
}

@inproceedings{spark_streaming,
  title = {Discretized Streams: {{Fault}}-Tolerant Streaming Computation at Scale},
  url = {http://dl.acm.org/citation.cfm?id=2522737},
  booktitle = {Proceedings of the {{Twenty}}-{{Fourth ACM Symposium}} on {{Operating Systems Principles}}},
  publisher = {{ACM}},
  urldate = {2015-03-03},
  year = {2013},
  pages = {423--438},
  author = {Zaharia, Matei and Das, Tathagata and Li, Haoyuan and Hunter, Timothy and Shenker, Scott and Stoica, Ion}
}

@report{actors,
  title = {Actors: {{A}} Model of Concurrent Computation in Distributed Systems.},
  url = {http://oai.dtic.mil/oai/oai?verb=getRecord&metadataPrefix=html&identifier=ADA157917},
  institution = {{DTIC Document}},
  urldate = {2015-12-15},
  year = {1985},
  author = {Agha, Gul A.}
}
% == BibLateX quality report for actors:
% Missing required field 'type'

@inproceedings{hadoop_hdfs,
  title = {The Hadoop Distributed File System},
  booktitle = {Mass {{Storage Systems}} and {{Technologies}} ({{MSST}}), 2010 {{IEEE}} 26th {{Symposium}} On},
  publisher = {{IEEE}},
  year = {2010},
  pages = {1--10},
  author = {Shvachko, Konstantin and Kuang, Hairong and Radia, Sanjay and Chansler, Robert}
}
% == BibLateX quality report for hadoop_hdfs:
% ? Unsure about the formatting of the booktitle

@book{grid_computing,
  title = {The {{Grid}} 2: {{Blueprint}} for a New Computing Infrastructure},
  url = {https://books.google.com/books?hl=en&lr=&id=0l5gm6o3vrMC&oi=fnd&pg=PP1&dq=The+Grid++Blueprint+for+a+New+Computing+Infrastructure&ots=hpGgsSKtmk&sig=hzB6BQo4TlG5vQsOKMT0inzqykY},
  publisher = {{Elsevier}},
  urldate = {2015-10-07},
  year = {2003},
  author = {Foster, Ian and Kesselman, Carl}
}

@inproceedings{hc_brief_announcement,
  location = {{Washington, D.C.}},
  title = {Brief {{Announcement}}: {{Hierarchical Consensus}}},
  eventtitle = {{{PODC}} '17 {{ACM Symposium}} on {{Principles}} of {{Distributed Computing}}},
  booktitle = {Proceedings of the 2017 {{ACM Symposium}} on {{Principles}} of {{Distributed Computing}}},
  publisher = {{ACM}},
  year = {2017-07-25/2017-07-27},
  pages = {355-357},
  author = {Bengfort, Benjamin and Keleher, Pete}
}
% == BibLateX quality report for hc_brief_announcement:
% ? Title looks like it was stored in title-case in Zotero

@inproceedings{federated_consistency_poster,
  location = {{Atlanta, GA}},
  title = {Federating {{Consistency}} for {{Partition}}-{{Prone Networks}}},
  url = {https://icdcs2017.gatech.edu/},
  eventtitle = {{{IEEE International Conference}} on {{Distributed Computing Systems}} 2017 ({{ICDCS}} '17)},
  booktitle = {Proceedings of the 2017 {{IEEE}} 37th {{International Conference}} on {{Distributed Computing Systems}} ({{ICDCS}})},
  publisher = {{IEEE}},
  date = {2017-06-05/2017-06-08},
  year = {2017},
  author = {Bengfort, Benjamin and Keleher, Pete}
}
% == BibLateX quality report for federated_consistency_poster:
% ? Title looks like it was stored in title-case in Zotero

@inproceedings{corfu,
  title = {{{CORFU}}: {{A Shared Log Design}} for {{Flash Clusters}}.},
  booktitle = {{{NSDI}}},
  year = {2012},
  pages = {1-14},
  author = {Balakrishnan, Mahesh and Malkhi, Dahlia and Prabhakaran, Vijayan and Wobber, Ted and Wei, Michael and Davis, John D}
}
% == BibLateX quality report for corfu:
% ? Unsure about the formatting of the booktitle
% ? Title looks like it was stored in title-case in Zotero

@inproceedings{van2004chain,
  title = {Chain {{Replication}} for {{Supporting High Throughput}} and {{Availability}}.},
  volume = {4},
  booktitle = {{{OSDI}}},
  year = {2004},
  pages = {91-104},
  author = {Van Renesse, Robbert and Schneider, Fred B}
}
% == BibLateX quality report for van2004chain:
% ? Unsure about the formatting of the booktitle
% ? Title looks like it was stored in title-case in Zotero

@article{afs,
  title = {Scale and Performance in a Distributed File System},
  volume = {6},
  number = {1},
  journaltitle = {ACM Transactions on Computer Systems},
  year = {1988},
  pages = {51-81},
  author = {Howard, J. and Kazar, M. and Menees, S. and Nichols, D. and Satyanarayanan, M. and Sidebotham, R. and West, M.}
}

@inproceedings{coda,
  title = {Disconnected {{Operation}} in the {{Coda File System}}},
  booktitle = {Proceedings of the 13th {{ACM Symposium}} on {{Operating Systems Principles}}},
  year = {1991},
  author = {Kistler, J. J. and Satyanarayanan, M.}
}
% == BibLateX quality report for coda:
% ? Title looks like it was stored in title-case in Zotero

@article{bayou,
  title = {Managing {{Update Conflicts}} in {{Bayou}}, a {{Weakly Connected Replicated Storage System}}},
  volume = {29},
  journaltitle = {ACM},
  year = {1995},
  author = {Terry, Douglas B. and Theimer, Marvin M. and Petersen, Karin and Demers, Alan J. and Spreitzer, Mike J. and Hauser, Carl H.}
}
% == BibLateX quality report for bayou:
% ? Title looks like it was stored in title-case in Zotero

@article{grpc,
  title = {Google {{RPC}}},
  date = {2016-12},
  year = {2016},
  author = {{Google}},
  howpublished = {emhttp://www.grpc.io/}
}
% == BibLateX quality report for grpc:
% Unexpected field 'howpublished'
% Missing required field 'journaltitle'
% ? Title looks like it was stored in title-case in Zotero

@inproceedings{causal,
  title = {Implementing and Programming Causal Distributed Shared Memory},
  booktitle = {Proceedings of the 11th {{International Conference}} on {{Distributed Computing Systems}}},
  date = {1991-05},
  year = {1991},
  author = {Ahamad, M. and Hutto, P. W. and John, R.}
}

@inproceedings{bailis_bolt-causal_2013,
  title = {Bolt-on {{Causal Consistency}}},
  booktitle = {Proceedings of the 2013 {{International Conference}} on {{Management}} of {{Data}}},
  publisher = {{ACM}},
  year = {2013},
  pages = {761-772},
  author = {Bailis, Peter and Ghodsi, Ali and Hellerstein, Joseph M. and Stoica, Ion}
}
% == BibLateX quality report for bailis_bolt-causal_2013:
% ? Title looks like it was stored in title-case in Zotero

@article{sequential_consistency_2,
  title = {How to Make a Multiprocessor Computer That Correctly Executes Multiprocess Programs},
  volume = {100},
  number = {9},
  journaltitle = {Computers, IEEE Transactions on},
  year = {1979},
  pages = {690-691},
  author = {Lamport, Leslie}
}

@article{iot,
  title = {Internet of {{Things}}: {{Vision}}, {{Applications}} and {{Research Challenges}}},
  volume = {10},
  number = {7},
  journaltitle = {Ad Hoc Networks},
  year = {2012},
  pages = {1497-1516},
  author = {Miorandi, Daniele and Sicari, Sabrina and De Pellegrini, Francesco and Chlamtac, Imrich}
}
% == BibLateX quality report for iot:
% ? Title looks like it was stored in title-case in Zotero

@inproceedings{zhang_viewbox:_2014,
  title = {{{ViewBox}}: {{Integrating Local File Systems}} with {{Cloud Storage Services}}.},
  booktitle = {{{FAST}}},
  year = {2014},
  pages = {119-132},
  author = {Zhang, Yupu and Dragga, Chris and Arpaci-Dusseau, Andrea C. and Arpaci-Dusseau, Remzi H.}
}
% == BibLateX quality report for zhang_viewbox:_2014:
% ? Unsure about the formatting of the booktitle
% ? Title looks like it was stored in title-case in Zotero

@inproceedings{sporc,
  title = {{{SPORC}}: {{Group Collaboration}} Using {{Untrusted Cloud Resources}}},
  isbn = {978-1-931971-79-9},
  url = {http://www.usenix.org/event/osdi10/tech/full<sub>p</sub>apers/osdi10<sub>p</sub>roceedings.pdf},
  booktitle = {9th {{USENIX Symposium}} on {{Operating Systems Design}} and {{Implementation}}, {{OSDI}} 2010, {{October}} 4-6, 2010, {{Vancouver}}, {{BC}}, {{Canada}}, {{Proceedings}}},
  publisher = {{USENIX Association}},
  year = {2010},
  pages = {337-350},
  author = {Feldman, Ariel J. and Zeller, William P. and Freedman, Michael J. and Felten, Edward W.},
  editor = {Arpaci-Dusseau, Remzi H. and Chen, Brad},
  bibdate = {2011-08-27},
  bibsource = {DBLP, http://dblp.uni-trier.de/db/conf/osdi/osdi2010.htmlFeldmanZFF10}
}
% == BibLateX quality report for sporc:
% Unexpected field 'bibdate'
% Unexpected field 'bibsource'

@inproceedings{drago_inside_2012,
  title = {Inside {{Dropbox}}: {{Understanding Personal Cloud Storage Services}}},
  booktitle = {Proceedings of the 2012 {{ACM Conference}} on {{Internet Measurement Conference}}},
  publisher = {{ACM}},
  year = {2012},
  pages = {481-494},
  author = {Drago, Idilio and Mellia, Marco and M Munafo, Maurizio and Sperotto, Anna and Sadre, Ramin and Pras, Aiko}
}
% == BibLateX quality report for drago_inside_2012:
% ? Title looks like it was stored in title-case in Zotero

@article{paxos,
  title = {The Part-Time Parliament},
  volume = {16},
  number = {2},
  journaltitle = {ACM Transactions on Computer Systems (TOCS)},
  year = {1998},
  pages = {133-169},
  author = {Lamport, Leslie}
}

@inproceedings{zawirski2015write,
  title = {Write Fast, Read in the Past: {{Causal}} Consistency for Client-Side Applications},
  booktitle = {Proceedings of the 16th {{Annual Middleware Conference}}},
  publisher = {{ACM}},
  year = {2015},
  pages = {75-87},
  author = {Zawirski, Marek and Pregui\c{}ca, Nuno and Duarte, S\'ergio and Bieniusa, Annette and Balegas, Valter and Shapiro, Marc}
}

@inproceedings{pbft,
  location = {{New Orleans, Louisiana, United States}},
  title = {Practical {{Byzantine}} Fault Tolerance},
  booktitle = {Proceedings of the Third Symposium on {{Operating}} Systems Design and Implementation},
  series = {OSDI '99},
  year = {1999},
  author = {Castro, Miguel and Liskov, Barbara}
}
% == BibLateX quality report for pbft:
% ? Unsure about the formatting of the booktitle

@inproceedings{alvaro2013consistency,
  title = {Consistency without Borders},
  booktitle = {Proceedings of the 4th Annual {{Symposium}} on {{Cloud Computing}}},
  publisher = {{ACM}},
  year = {2013},
  pages = {23},
  author = {Alvaro, Peter and Bailis, Peter and Conway, Neil and Hellerstein, Joseph M}
}

@article{bailis2014coordination,
  title = {Coordination Avoidance in Database Systems},
  volume = {8},
  number = {3},
  journaltitle = {Proceedings of the VLDB Endowment},
  year = {2014},
  pages = {185-196},
  author = {Bailis, Peter and Fekete, Alan and Franklin, Michael J and Ghodsi, Ali and Hellerstein, Joseph M and Stoica, Ion}
}

@inproceedings{mdcc,
  title = {{{MDCC}}: {{Multi}}-{{Data Center Consistency}}},
  booktitle = {Proceedings of the 8th {{ACM European Conference}} on {{Computer Systems}}},
  publisher = {{ACM}},
  year = {2013},
  pages = {113-126},
  author = {Kraska, Tim and Pang, Gene and Franklin, Michael J. and Madden, Samuel and Fekete, Alan}
}
% == BibLateX quality report for mdcc:
% ? Title looks like it was stored in title-case in Zotero

@article{mahajan2011consistency,
  title = {Consistency, Availability, and Convergence},
  volume = {11},
  journaltitle = {University of Texas at Austin Tech Report},
  year = {2011},
  author = {Mahajan, Prince and Alvisi, Lorenzo and Dahlin, Mike}
}

@inproceedings{geoping,
  title = {Towards {{IP Geolocation Using Delay}} and {{Topology Measurements}}},
  booktitle = {Proceedings of the 6th {{ACM SIGCOMM Conference}} on {{Internet Measurement}}},
  publisher = {{ACM}},
  year = {2006},
  pages = {71-84},
  author = {Katz-Bassett, Ethan and John, John P. and Krishnamurthy, Arvind and Wetherall, David and Anderson, Thomas and Chawathe, Yatin}
}
% == BibLateX quality report for geoping:
% ? Title looks like it was stored in title-case in Zotero

@inproceedings{farsite_byzantine,
  title = {Byzantine {{Fault Isolation}} in the {{Farsite Distributed File System}}.},
  url = {http://131.107.65.14/pubs/74213/IPTPS2006.pdf},
  booktitle = {{{IPTPS}}},
  urldate = {2016-12-07},
  year = {2006},
  author = {Douceur, John R. and Howell, Jon}
}
% == BibLateX quality report for farsite_byzantine:
% ? Unsure about the formatting of the booktitle
% ? Title looks like it was stored in title-case in Zotero

@inproceedings{raft,
  title = {In Search of an Understandable Consensus Algorithm},
  url = {https://www.usenix.org/conference/atc14/technical-sessions/presentation/ongaro},
  booktitle = {2014 {{USENIX Annual Technical Conference}} ({{USENIX ATC}} 14)},
  urldate = {2016-05-01},
  year = {2014},
  pages = {305--319},
  author = {Ongaro, Diego and Ousterhout, John}
}
% == BibLateX quality report for raft:
% ? Unsure about the formatting of the booktitle

@article{lamport_time_1978,
  title = {Time, Clocks, and the Ordering of Events in a Distributed System},
  volume = {21},
  url = {http://dl.acm.org/citation.cfm?id=359563},
  number = {7},
  journaltitle = {Communications of the ACM},
  urldate = {2014-09-23},
  year = {1978},
  pages = {558--565},
  author = {Lamport, Leslie}
}

@inproceedings{epoch_greedy_mab,
  title = {The {{Epoch}}-{{Greedy Algorithm}} for {{Multi}}-{{Armed Bandits}} with {{Side Information}}},
  booktitle = {Advances in {{Neural Information Processing Systems}}},
  year = {2008},
  pages = {817-824},
  author = {Langford, John and Zhang, Tong}
}
% == BibLateX quality report for epoch_greedy_mab:
% ? Unsure about the formatting of the booktitle
% ? Title looks like it was stored in title-case in Zotero

@article{kalai_efficient_2005,
  title = {Efficient {{Algorithms}} for {{Online Decision Problems}}},
  volume = {71},
  number = {3},
  journaltitle = {Journal of Computer and System Sciences},
  year = {2005},
  pages = {291-307},
  author = {Kalai, Adam and Vempala, Santosh}
}
% == BibLateX quality report for kalai_efficient_2005:
% ? Title looks like it was stored in title-case in Zotero

@inproceedings{osugi_balancing_2005,
  title = {Balancing {{Exploration}} and {{Exploitation}}: {{A New Algorithm}} for {{Active Machine Learning}}},
  booktitle = {Fifth {{IEEE International Conference}} on {{Data Mining}} ({{ICDM}}'05)},
  publisher = {{IEEE}},
  year = {2005},
  pages = {8-pp},
  author = {Osugi, Thomas and Kim, Deng and Scott, Stephen}
}
% == BibLateX quality report for osugi_balancing_2005:
% ? Unsure about the formatting of the booktitle
% ? Title looks like it was stored in title-case in Zotero

@inproceedings{oates_investigating_1998,
  title = {Investigating {{Evolutionary Approaches}} to {{Adaptive Database Management}} against {{Various Quality}} of {{Service Metrics}}},
  booktitle = {International {{Conference}} on {{Parallel Problem Solving}} from {{Nature}}},
  publisher = {{Springer}},
  year = {1998},
  pages = {775-784},
  author = {Oates, Martin J. and Corne, David}
}
% == BibLateX quality report for oates_investigating_1998:
% ? Unsure about the formatting of the booktitle
% ? Title looks like it was stored in title-case in Zotero

@inproceedings{calvinfs,
  title = {{{CalvinFS}}: Consistent Wan Replication and Scalable Metadata Management for Distributed File Systems},
  url = {https://www.usenix.org/node/188413},
  booktitle = {13th {{USENIX Conference}} on {{File}} and {{Storage Technologies}} ({{FAST}} 15)},
  urldate = {2016-11-22},
  year = {2015},
  pages = {1--14},
  author = {Thomson, Alexander and Abadi, Daniel J.}
}
% == BibLateX quality report for calvinfs:
% ? Unsure about the formatting of the booktitle

@inproceedings{chubby,
  title = {The {{Chubby}} Lock Service for Loosely-Coupled Distributed Systems},
  url = {http://dl.acm.org/citation.cfm?id=1298487},
  booktitle = {Proceedings of the 7th Symposium on {{Operating}} Systems Design and Implementation},
  publisher = {{USENIX Association}},
  urldate = {2016-05-01},
  year = {2006},
  pages = {335--350},
  author = {Burrows, Mike}
}
% == BibLateX quality report for chubby:
% ? Unsure about the formatting of the booktitle

@article{globalfs,
  title = {{{GlobalFS}}: {{A Strongly Consistent Multi}}-{{Site File System}}},
  url = {http://www.inf.usi.ch/faculty/pedone/Paper/2016/2016GlobalFS.pdf},
  urldate = {2016-08-29},
  author = {Pacheco, Leandro and Halalai, Raluca and Schiavoni, Valerio and Pedone, Fernando and Riviere, Etienne and Felber, Pascal}
}
% == BibLateX quality report for globalfs:
% Exactly one of 'date' / 'year' must be present
% Missing required field 'journaltitle'
% ? Title looks like it was stored in title-case in Zotero

@article{tlsv2,
  title = {The Transport Layer Security ({{TLS}}) Protocol Version 1.2},
  year = {2008},
  author = {Dierks, Tim}
}
% == BibLateX quality report for tlsv2:
% Missing required field 'journaltitle'

@book{tanenbaum_distributed_2007,
  title = {Distributed Systems},
  url = {http://cds.cern.ch/record/1056310/files/0132392275_TOC.pdf},
  publisher = {{Prentice-Hall}},
  urldate = {2016-10-24},
  year = {2007},
  author = {Tanenbaum, Andrew S. and Van Steen, Maarten}
}

@book{kuenning_automated_1997,
  title = {Automated Hoarding for Mobile Computers},
  volume = {31},
  url = {http://dl.acm.org/citation.cfm?id=266706},
  number = {5},
  publisher = {{ACM}},
  urldate = {2016-10-18},
  year = {1997},
  author = {Kuenning, Geoffrey H. and Popek, Gerald J.}
}

@article{cassandra,
  title = {Cassandra: A Decentralized Structured Storage System},
  volume = {44},
  url = {http://dl.acm.org/citation.cfm?id=1773922},
  number = {2},
  journaltitle = {ACM SIGOPS Operating Systems Review},
  urldate = {2016-04-29},
  year = {2010},
  pages = {35--40},
  author = {Lakshman, Avinash and Malik, Prashant}
}

@article{version_conflict_detection,
  title = {Detection of Mutual Inconsistency in Distributed Systems},
  url = {http://ieeexplore.ieee.org/xpls/abs_all.jsp?arnumber=1703051},
  number = {3},
  journaltitle = {IEEE transactions on Software Engineering},
  urldate = {2016-08-31},
  year = {1983},
  pages = {240--247},
  author = {Parker, D. Stott and Popek, Gerald J. and Rudisin, Gerard and Stoughton, Allen and Walker, Bruce J. and Walton, Evelyn and Chow, Johanna M. and Edwards, David and Kiser, Stephen and Kline, Charles}
}

@inproceedings{version_vectors,
  title = {Version Stamps-Decentralized Version Vectors},
  url = {http://ieeexplore.ieee.org/xpls/abs_all.jsp?arnumber=1022304},
  booktitle = {Distributed {{Computing Systems}}, 2002. {{Proceedings}}. 22nd {{International Conference}} On},
  publisher = {{IEEE}},
  urldate = {2016-08-31},
  year = {2002},
  pages = {544--551},
  author = {Almeida, Paulo S\'ergio and Baquero, Carlos and Fonte, Victor}
}
% == BibLateX quality report for version_vectors:
% ? Unsure about the formatting of the booktitle

@article{cap,
  title = {Brewer's Conjecture and the Feasibility of Consistent, Available, Partition-Tolerant Web Services},
  volume = {33},
  url = {http://dl.acm.org/citation.cfm?id=564601},
  number = {2},
  journaltitle = {ACM SIGACT News},
  urldate = {2016-08-29},
  year = {2002},
  pages = {51--59},
  author = {Gilbert, Seth and Lynch, Nancy}
}

@article{fexible_paxos,
  title = {Flexible {{Paxos}}: {{Quorum}} Intersection Revisited},
  journaltitle = {ArXiv e-prints},
  date = {2016-08},
  year = {2016},
  keywords = {and Cluster Computing,C.2.4,Computer Science - Distributed,Parallel},
  author = {Howard, H. and Malkhi, D. and Spiegelman, A.},
  archiveprefix = {arXiv},
  primaryclass = {cs.DC},
  adsurl = {http://adsabs.harvard.edu/abs/2016arXiv160806696H},
  adsnote = {Provided by the SAO/NASA Astrophysics Data System}
}
% == BibLateX quality report for fexible_paxos:
% Unexpected field 'archiveprefix'
% Unexpected field 'primaryclass'
% Unexpected field 'adsurl'
% Unexpected field 'adsnote'

@article{rumor_spreading_dynamics,
  title = {Dynamics of Rumor Spreading in Complex Networks},
  volume = {69},
  url = {http://journals.aps.org/pre/abstract/10.1103/PhysRevE.69.066130},
  number = {6},
  journaltitle = {Physical Review E},
  urldate = {2016-08-19},
  year = {2004},
  pages = {066130},
  author = {Moreno, Yamir and Nekovee, Maziar and Pacheco, Amalio F.}
}

@inproceedings{kempe_gossip,
  title = {Gossip-Based Computation of Aggregate Information},
  url = {http://ieeexplore.ieee.org/xpls/abs_all.jsp?arnumber=1238221},
  booktitle = {Foundations of {{Computer Science}}, 2003. {{Proceedings}}. 44th {{Annual IEEE Symposium}} On},
  publisher = {{IEEE}},
  urldate = {2016-08-19},
  year = {2003},
  pages = {482--491},
  author = {Kempe, David and Dobra, Alin and Gehrke, Johannes}
}
% == BibLateX quality report for kempe_gossip:
% ? Unsure about the formatting of the booktitle

@inproceedings{rumor_spreading,
  title = {Randomized Rumor Spreading},
  url = {http://ieeexplore.ieee.org/xpls/abs_all.jsp?arnumber=892324},
  booktitle = {Foundations of {{Computer Science}}, 2000. {{Proceedings}}. 41st {{Annual Symposium}} On},
  publisher = {{IEEE}},
  urldate = {2016-08-19},
  year = {2000},
  pages = {565--574},
  author = {Karp, Richard and Schindelhauer, Christian and Shenker, Scott and Vocking, Berthold}
}
% == BibLateX quality report for rumor_spreading:
% ? Unsure about the formatting of the booktitle

@online{sougoumarane_tech_2016,
  title = {Tech Musings: {{A More Flexible Paxos}}},
  url = {http://ssougou.blogspot.com/2016/08/a-more-flexible-paxos.html},
  journaltitle = {Tech musings},
  urldate = {2016-08-16},
  date = {2016-08-11},
  year = {2016},
  author = {Sougoumarane, Sugu}
}
% == BibLateX quality report for sougoumarane_tech_2016:
% Unexpected field 'journaltitle'

@inproceedings{singh_zeno_2009,
  title = {Zeno: {{Eventually Consistent Byzantine}}-{{Fault Tolerance}}.},
  volume = {9},
  url = {https://www.usenix.org/event/nsdi09/tech/full_papers/singh/singh_html/},
  booktitle = {{{NSDI}}},
  urldate = {2016-08-11},
  year = {2009},
  pages = {169--184},
  author = {Singh, Atul and Fonseca, Pedro and Kuznetsov, Petr and Rodrigues, Rodrigo and Maniatis, Petros and others}
}
% == BibLateX quality report for singh_zeno_2009:
% ? Unsure about the formatting of the booktitle
% ? Title looks like it was stored in title-case in Zotero

@article{ladin_providing_1992,
  title = {Providing High Availability Using Lazy Replication},
  volume = {10},
  url = {http://dl.acm.org/citation.cfm?id=138877},
  number = {4},
  journaltitle = {ACM Transactions on Computer Systems (TOCS)},
  urldate = {2016-08-11},
  year = {1992},
  pages = {360--391},
  author = {Ladin, Rivka and Liskov, Barbara and Shrira, Liuba and Ghemawat, Sanjay}
}

@inproceedings{redblue,
  title = {Making Geo-Replicated Systems Fast as Possible, Consistent When Necessary},
  url = {https://www.usenix.org/conference/osdi12/technical-sessions/presentation/li},
  booktitle = {Presented as Part of the 10th {{USENIX Symposium}} on {{Operating Systems Design}} and {{Implementation}} ({{OSDI}} 12)},
  urldate = {2016-08-09},
  year = {2012},
  pages = {265--278},
  author = {Li, Cheng and Porto, Daniel and Clement, Allen and Gehrke, Johannes and Pregui{\c c}a, Nuno and Rodrigues, Rodrigo}
}
% == BibLateX quality report for redblue:
% ? Unsure about the formatting of the booktitle

@article{consistency_rationing,
  title = {Consistency Rationing in the Cloud: Pay Only When It Matters},
  volume = {2},
  url = {http://dl.acm.org/citation.cfm?id=1687657},
  number = {1},
  journaltitle = {Proceedings of the VLDB Endowment},
  urldate = {2016-08-09},
  year = {2009},
  pages = {253--264},
  author = {Kraska, Tim and Hentschel, Martin and Alonso, Gustavo and Kossmann, Donald}
}

@article{ramakrishnan_cap_2012,
  title = {Cap and Cloud Data Management},
  volume = {45},
  url = {http://citeseerx.ist.psu.edu/viewdoc/download?doi=10.1.1.467.2703&rep=rep1&type=pdf},
  number = {2},
  journaltitle = {Computer},
  urldate = {2016-08-09},
  year = {2012},
  pages = {43--49},
  author = {Ramakrishnan, Raghu}
}

@inproceedings{harmony,
  title = {Harmony: {{Towards}} Automated Self-Adaptive Consistency in Cloud Storage},
  url = {http://ieeexplore.ieee.org/xpls/abs_all.jsp?arnumber=6337791},
  booktitle = {2012 {{IEEE International Conference}} on {{Cluster Computing}}},
  publisher = {{IEEE}},
  urldate = {2016-08-09},
  year = {2012},
  pages = {293--301},
  author = {Chihoub, Houssem-Eddine and Ibrahim, Shadi and Antoniu, Gabriel and Perez, Maria S.}
}
% == BibLateX quality report for harmony:
% ? Unsure about the formatting of the booktitle

@inproceedings{harmony_money,
  title = {Consistency in the Cloud: {{When}} Money Does Matter!},
  url = {http://ieeexplore.ieee.org/xpls/abs_all.jsp?arnumber=6546112},
  booktitle = {Cluster, {{Cloud}} and {{Grid Computing}} ({{CCGrid}}), 2013 13th {{IEEE}}/{{ACM International Symposium}} On},
  publisher = {{IEEE}},
  urldate = {2016-08-09},
  year = {2013},
  pages = {352--359},
  author = {Chihoub, Houssem-Eddine and Ibrahim, Shadi and Antoniu, Gabriel and Perez, Maria S.}
}
% == BibLateX quality report for harmony_money:
% ? Unsure about the formatting of the booktitle

@inproceedings{krishnamurthy_adaptive_2002,
  title = {An Adaptive Framework for Tunable Consistency and Timeliness Using Replication},
  url = {http://ieeexplore.ieee.org/xpls/abs_all.jsp?arnumber=1028882},
  booktitle = {Dependable {{Systems}} and {{Networks}}, 2002. {{DSN}} 2002. {{Proceedings}}. {{International Conference}} On},
  publisher = {{IEEE}},
  urldate = {2016-08-09},
  year = {2002},
  pages = {17--26},
  author = {Krishnamurthy, Sudha and Sanders, William H. and Cukier, Michel}
}
% == BibLateX quality report for krishnamurthy_adaptive_2002:
% ? Unsure about the formatting of the booktitle

@article{torres-rojas_convergence_2005,
  title = {Convergence through a Weak Consistency Model: {{Timed}} Causal Consistency},
  volume = {8},
  url = {http://www.clei.org/cleiej/papers/v8i2p2.pdf},
  number = {2},
  journaltitle = {CLEI electronic journal},
  urldate = {2016-08-09},
  year = {2005},
  author = {Torres-Rojas, Francisco J. and Meneses, Esteban}
}

@article{conit_continous_consistency,
  title = {Design and Evaluation of a Conit-Based Continuous Consistency Model for Replicated Services},
  volume = {20},
  url = {http://dl.acm.org/citation.cfm?id=566342},
  number = {3},
  journaltitle = {ACM Transactions on Computer Systems (TOCS)},
  urldate = {2016-08-09},
  year = {2002},
  pages = {239--282},
  author = {Yu, Haifeng and Vahdat, Amin}
}

@incollection{bermbach_consistency_2013,
  title = {Consistency in Distributed Storage Systems},
  url = {http://link.springer.com/chapter/10.1007/978-3-642-40148-0_13},
  booktitle = {Networked {{Systems}}},
  publisher = {{Springer}},
  urldate = {2016-08-09},
  year = {2013},
  pages = {175--189},
  author = {Bermbach, David and Kuhlenkamp, J\"orn}
}
% == BibLateX quality report for bermbach_consistency_2013:
% Missing required field 'editor'

@inproceedings{quasi_linearizability,
  title = {Quasi-Linearizability: {{Relaxed}} Consistency for Improved Concurrency},
  url = {http://link.springer.com/10.1007%2F978-3-642-17653-1_29},
  booktitle = {International {{Conference}} on {{Principles}} of {{Distributed Systems}}},
  publisher = {{Springer}},
  urldate = {2016-08-09},
  year = {2010},
  pages = {395--410},
  author = {Afek, Yehuda and Korland, Guy and Yanovsky, Eitan}
}
% == BibLateX quality report for quasi_linearizability:
% ? Unsure about the formatting of the booktitle

@inproceedings{golab_analyzing_2011,
  title = {Analyzing Consistency Properties for Fun and Profit},
  url = {http://dl.acm.org/citation.cfm?id=1993834},
  booktitle = {Proceedings of the 30th Annual {{ACM SIGACT}}-{{SIGOPS}} Symposium on {{Principles}} of Distributed Computing},
  publisher = {{ACM}},
  urldate = {2016-08-09},
  year = {2011},
  pages = {197--206},
  author = {Golab, Wojciech and Li, Xiaozhou and Shah, Mehul A.}
}
% == BibLateX quality report for golab_analyzing_2011:
% ? Unsure about the formatting of the booktitle

@article{glynn_multi-consistency_2005,
  title = {Multi-Consistency in {{Peer}}-to-{{Peer}} Computing},
  url = {http://www.info.ucl.ac.be/~pvr/rr2005-04.pdf},
  journaltitle = {European project (PEPITO IST-2001-33234)},
  urldate = {2016-08-09},
  year = {2005},
  author = {Glynn, Kevin and Van Roy, Peter}
}

@inproceedings{multi_consistency,
  title = {Multi-Consistency Data Replication},
  url = {http://ieeexplore.ieee.org/xpls/abs_all.jsp?arnumber=5695649},
  booktitle = {Parallel and {{Distributed Systems}} ({{ICPADS}}), 2010 {{IEEE}} 16th {{International Conference}} On},
  publisher = {{IEEE}},
  urldate = {2016-08-09},
  year = {2010},
  pages = {568--577},
  author = {Al-Ekram, Raihan and Holt, Ric}
}
% == BibLateX quality report for multi_consistency:
% ? Unsure about the formatting of the booktitle

@inproceedings{wiederhold_consistency_1990,
  title = {Consistency Control of Replicated Data in Federated Databases},
  url = {http://ieeexplore.ieee.org/xpls/abs_all.jsp?arnumber=138260},
  booktitle = {Management of {{Replicated Data}}, 1990. {{Proceedings}}., {{Workshop}} on The},
  publisher = {{IEEE}},
  urldate = {2016-08-09},
  year = {1990},
  pages = {130--132},
  author = {Wiederhold, Gio and Qian, Xiaolei}
}
% == BibLateX quality report for wiederhold_consistency_1990:
% ? Unsure about the formatting of the booktitle

@inproceedings{metastorage,
  title = {Metastorage: {{A}} Federated Cloud Storage System to Manage Consistency-Latency Tradeoffs},
  url = {http://ieeexplore.ieee.org/xpls/abs_all.jsp?arnumber=6008742},
  booktitle = {Cloud {{Computing}} ({{CLOUD}}), 2011 {{IEEE International Conference}} On},
  publisher = {{IEEE}},
  urldate = {2016-08-09},
  year = {2011},
  pages = {452--459},
  author = {Bermbach, David and Klems, Markus and Tai, Stefan and Menzel, Michael}
}
% == BibLateX quality report for metastorage:
% ? Unsure about the formatting of the booktitle

@article{pitoura_data_1999,
  title = {Data Consistency in Intermittently Connected Distributed Systems},
  volume = {11},
  url = {http://ieeexplore.ieee.org/xpls/abs_all.jsp?arnumber=824602},
  number = {6},
  journaltitle = {IEEE Transactions on knowledge and data engineering},
  urldate = {2016-08-09},
  year = {1999},
  pages = {896--915},
  author = {Pitoura, Evaggelia and Bhargava, Bharat}
}

@inproceedings{hybrid_consistency,
  title = {Mixed Consistency: A Model for Parallel Programming},
  url = {http://dl.acm.org/citation.cfm?id=197967},
  booktitle = {Proceedings of the Thirteenth Annual {{ACM}} Symposium on {{Principles}} of Distributed Computing},
  publisher = {{ACM}},
  urldate = {2016-08-09},
  year = {1994},
  pages = {101--110},
  author = {Agrawal, Divyakant and Choy, Manhoi and Va Leong, Hong and Singh, Ambuj K.}
}
% == BibLateX quality report for hybrid_consistency:
% ? Unsure about the formatting of the booktitle

@inproceedings{zhang_hierarchical_2007,
  title = {Hierarchical Replication Control in a Global File System},
  url = {http://ieeexplore.ieee.org/xpls/abs_all.jsp?arnumber=4215377},
  booktitle = {Seventh {{IEEE International Symposium}} on {{Cluster Computing}} and the {{Grid}} ({{CCGrid}}'07)},
  publisher = {{IEEE}},
  urldate = {2016-08-08},
  year = {2007},
  pages = {155--162},
  author = {Zhang, Jiaying and Honeyman, Peter}
}
% == BibLateX quality report for zhang_hierarchical_2007:
% ? Unsure about the formatting of the booktitle

@article{sprenkle_exploring_2004,
  title = {Exploring {{Availability}} and {{Usage Guarantees}} in {{Resource Allocation Through Leases}}},
  url = {http://www.cs.wlu.edu/~sprenkle/acad/papers/ses_masters.pdf},
  journaltitle = {Duke University Computer Science},
  urldate = {2016-08-08},
  year = {2004},
  author = {Sprenkle, Sara E. and others}
}
% == BibLateX quality report for sprenkle_exploring_2004:
% ? Title looks like it was stored in title-case in Zotero

@report{kolbeck_fault-tolerant_2010,
  title = {Fault-{{Tolerant}} and {{Decentralized Lease Coordination}} in {{Distributed Systems}}},
  url = {http://citeseerx.ist.psu.edu/viewdoc/download?doi=10.1.1.631.9448&rep=rep1&type=pdf},
  institution = {{Citeseer}},
  urldate = {2016-08-08},
  year = {2010},
  author = {Kolbeck, Bj\"orn and Hogqvist, MIKAEL and Stender, Jan and Hupfeld, Felix}
}
% == BibLateX quality report for kolbeck_fault-tolerant_2010:
% Missing required field 'type'
% ? Title looks like it was stored in title-case in Zotero

@article{hupfeld_fatlease_2009,
  title = {{{FaTLease}}: Scalable Fault-Tolerant Lease Negotiation with {{Paxos}}},
  volume = {12},
  url = {http://link.springer.com/article/10.1007/s10586-009-0074-2},
  number = {2},
  journaltitle = {Cluster Computing},
  urldate = {2016-08-08},
  year = {2009},
  pages = {175--188},
  author = {Hupfeld, Felix and Kolbeck, Bj\"orn and Stender, Jan and H\"ogqvist, Mikael and Cortes, Toni and Mart\'i, Jonathan and Malo, Jes\'us}
}

@article{gossip_protocols,
  title = {Simple, Fast and Deterministic Gossip and Rumor Spreading},
  volume = {62},
  url = {http://dl.acm.org/citation.cfm?id=2767126},
  number = {6},
  journaltitle = {Journal of the ACM (JACM)},
  urldate = {2016-04-29},
  year = {2015},
  pages = {47},
  author = {Haeupler, Bernhard}
}

@inproceedings{keleher1999decentralized,
  title = {Decentralized Replicated-Object Protocols},
  booktitle = {Proceedings of the Eighteenth Annual {{ACM}} Symposium on {{Principles}} of Distributed Computing},
  publisher = {{ACM}},
  year = {1999},
  pages = {143-151},
  author = {Keleher, Peter J}
}
% == BibLateX quality report for keleher1999decentralized:
% ? Unsure about the formatting of the booktitle

@article{deno-toc,
  title = {Deno: {{A Decentralized}}, {{Peer}}-to-{{Peer Object Replication System}} for {{Mobile}} and {{Weakly}}-{{Connected Environments}}},
  volume = {52},
  number = {7},
  journaltitle = {IEEE Transactions on Computers (TOC)},
  year = {2003-07},
  author = {Cetintemel, U. and Keleher, P. J. and Bhattacharjee, B. and Franklin, M. J.}
}
% == BibLateX quality report for deno-toc:
% ? Title looks like it was stored in title-case in Zotero

@article{state_machine_approach,
  title = {Implementing Fault-Tolerant Services Using the State Machine Approach: {{A}} Tutorial},
  volume = {22},
  url = {http://dl.acm.org/citation.cfm?id=98167},
  number = {4},
  journaltitle = {ACM Computing Surveys (CSUR)},
  urldate = {2016-05-27},
  year = {1990},
  pages = {299--319},
  author = {Schneider, Fred B.}
}

@incollection{li_hierarchical_2014,
  title = {Hierarchical Eventual Leader Election for Dynamic Systems},
  url = {http://link.springer.com/chapter/10.1007/978-3-319-11197-1_26},
  booktitle = {Algorithms and {{Architectures}} for {{Parallel Processing}}},
  publisher = {{Springer}},
  urldate = {2016-05-04},
  year = {2014},
  pages = {338--351},
  author = {Li, Huaguan and Wu, Weigang and Zhou, Yu}
}
% == BibLateX quality report for li_hierarchical_2014:
% Missing required field 'editor'

@article{paxos_practical,
  title = {Paxos Made Practical},
  url = {http://read.seas.harvard.edu/~kohler/class/08w-dsi/mazieres07paxos.pdf},
  journaltitle = {Unpublished manuscript},
  urldate = {2016-05-03},
  year = {2007},
  author = {Mazieres, David}
}

@incollection{lampson_how_1996,
  title = {How to Build a Highly Available System Using Consensus},
  url = {http://link.springer.com/chapter/10.1007/3-540-61769-8_1},
  booktitle = {Distributed {{Algorithms}}},
  publisher = {{Springer}},
  urldate = {2016-05-03},
  year = {1996},
  pages = {1--17},
  author = {Lampson, Butler W.}
}
% == BibLateX quality report for lampson_how_1996:
% Missing required field 'editor'

@article{bigtable,
  title = {Bigtable: {{A}} Distributed Storage System for Structured Data},
  volume = {26},
  url = {http://dl.acm.org/citation.cfm?id=1365816},
  number = {2},
  journaltitle = {ACM Transactions on Computer Systems (TOCS)},
  urldate = {2016-05-03},
  year = {2008},
  pages = {4},
  author = {Chang, Fay and Dean, Jeffrey and Ghemawat, Sanjay and Hsieh, Wilson C. and Wallach, Deborah A. and Burrows, Mike and Chandra, Tushar and Fikes, Andrew and Gruber, Robert E.}
}

@report{generalized_paxos,
  title = {Generalized Consensus and {{Paxos}}},
  url = {http://zoo.cs.yale.edu/classes/cs426/2012/lab/bib/lamport05generalized.pdf},
  institution = {{Technical Report MSR-TR-2005-33, Microsoft Research}},
  urldate = {2016-05-03},
  year = {2005},
  author = {Lamport, Leslie}
}
% == BibLateX quality report for generalized_paxos:
% Missing required field 'type'

@article{fischer_impossibility_1985,
  title = {Impossibility of Distributed Consensus with One Faulty Process},
  volume = {32},
  url = {http://dl.acm.org/citation.cfm?id=214121},
  number = {2},
  journaltitle = {Journal of the ACM (JACM)},
  urldate = {2016-05-03},
  year = {1985},
  pages = {374--382},
  author = {Fischer, Michael J. and Lynch, Nancy A. and Paterson, Michael S.}
}

@inproceedings{multicoordinated_paxos,
  title = {Multicoordinated Paxos},
  url = {http://dl.acm.org/citation.cfm?id=1281150},
  booktitle = {Proceedings of the Twenty-Sixth Annual {{ACM}} Symposium on {{Principles}} of Distributed Computing},
  publisher = {{ACM}},
  urldate = {2016-05-03},
  year = {2007},
  pages = {316--317},
  author = {Camargos, L\'asaro Jonas and Schmidt, Rodrigo Malta and Pedone, Fernando}
}
% == BibLateX quality report for multicoordinated_paxos:
% ? Unsure about the formatting of the booktitle

@inproceedings{spaxos,
  title = {S-Paxos: {{Offloading}} the Leader for High Throughput State Machine Replication},
  url = {http://ieeexplore.ieee.org/xpls/abs_all.jsp?arnumber=6424845},
  booktitle = {Reliable {{Distributed Systems}} ({{SRDS}}), 2012 {{IEEE}} 31st {{Symposium}} On},
  publisher = {{IEEE}},
  urldate = {2016-05-03},
  year = {2012},
  pages = {111--120},
  author = {Biely, Martin and Milosevic, Zoran and Santos, Nuno and Schiper, Andre}
}
% == BibLateX quality report for spaxos:
% ? Unsure about the formatting of the booktitle

@inproceedings{megastore,
  title = {Megastore: {{Providing Scalable}}, {{Highly Available Storage}} for {{Interactive Services}}.},
  volume = {11},
  url = {http://pages.cs.wisc.edu/~akella/CS838/F12/838-CloudPapers/Megastore.pdf},
  booktitle = {{{CIDR}}},
  urldate = {2016-05-03},
  year = {2011},
  pages = {223--234},
  author = {Baker, Jason and Bond, Chris and Corbett, James C. and Furman, J. J. and Khorlin, Andrey and Larson, James and Leon, Jean-Michel and Li, Yawei and Lloyd, Alexander and Yushprakh, Vadim}
}
% == BibLateX quality report for megastore:
% ? Unsure about the formatting of the booktitle
% ? Title looks like it was stored in title-case in Zotero

@inproceedings{boxwood,
  title = {Boxwood: {{Abstractions}} as the {{Foundation}} for {{Storage Infrastructure}}.},
  volume = {4},
  url = {https://www.usenix.org/legacy/events/osdi04/tech/full_papers/maccormick/maccormick_html/},
  booktitle = {{{OSDI}}},
  urldate = {2016-05-03},
  year = {2004},
  pages = {8--8},
  author = {MacCormick, John and Murphy, Nick and Najork, Marc and Thekkath, Chandramohan A. and Zhou, Lidong}
}
% == BibLateX quality report for boxwood:
% ? Unsure about the formatting of the booktitle
% ? Title looks like it was stored in title-case in Zotero

@inproceedings{bolosky_paxos_2011,
  title = {Paxos Replicated State Machines as the Basis of a High-Performance Data Store},
  url = {https://www.usenix.org/legacy/events/nsdi11/tech/nsdi11_proceedings.pdf#page=151},
  booktitle = {Symposium on {{Networked Systems Design}} and {{Implementation}} ({{NSDI}})},
  urldate = {2016-05-02},
  year = {2011},
  pages = {141--154},
  author = {Bolosky, William J. and Bradshaw, Dexter and Haagens, Randolph B. and Kusters, Norbert P. and Li, Peng}
}
% == BibLateX quality report for bolosky_paxos_2011:
% ? Unsure about the formatting of the booktitle

@article{paxos_simple,
  title = {Paxos Made Simple},
  volume = {32},
  url = {http://www.cs.utexas.edu/users/lorenzo/corsi/cs380d/past/03F/notes/paxos-simple.pdf},
  number = {4},
  journaltitle = {ACM Sigact News},
  urldate = {2014-11-03},
  year = {2001},
  pages = {18--25},
  author = {Lamport, Leslie}
}

@inproceedings{paxos_live,
  title = {Paxos Made Live: An Engineering Perspective},
  url = {http://dl.acm.org/citation.cfm?id=1281103},
  booktitle = {Proceedings of the Twenty-Sixth Annual {{ACM}} Symposium on {{Principles}} of Distributed Computing},
  publisher = {{ACM}},
  urldate = {2014-11-03},
  year = {2007},
  pages = {398--407},
  author = {Chandra, Tushar D. and Griesemer, Robert and Redstone, Joshua}
}
% == BibLateX quality report for paxos_live:
% ? Unsure about the formatting of the booktitle

@inproceedings{zookeeper,
  title = {{{ZooKeeper}}: {{Wait}}-Free {{Coordination}} for {{Internet}}-Scale {{Systems}}.},
  volume = {8},
  url = {https://www.usenix.org/event/usenix10/tech/full_papers/Hunt.pdf},
  booktitle = {{{USENIX Annual Technical Conference}}},
  urldate = {2016-05-01},
  year = {2010},
  pages = {9},
  author = {Hunt, Patrick and Konar, Mahadev and Junqueira, Flavio Paiva and Reed, Benjamin}
}
% == BibLateX quality report for zookeeper:
% ? Unsure about the formatting of the booktitle

@software{etcd_raft,
  title = {Etcd: Package Raft},
  url = {https://godoc.org/github.com/coreos/etcd/raft},
  version = {v2.3.2},
  organization = {{CoreOS}},
  urldate = {2016-04-28},
  date = {2016-04-21},
  year = {2016},
  author = {Mizerany, Blake and Yicheng, Qin and Xiang, Li}
}
% == BibLateX quality report for etcd_raft:
% Unexpected field 'title'
% Unexpected field 'version'
% Unexpected field 'organization'
% Unexpected field 'author'

@article{liu_warranties_2014,
  title = {Warranties for Faster Strong Consistency},
  url = {https://www.usenix.org/system/files/conference/nsdi14/nsdi14-paper-liu_jed.pdf},
  journaltitle = {Proc. of the 11th USENIX NSDI},
  urldate = {2016-01-08},
  year = {2014},
  author = {Liu, Jed and Magrino, Tom and Arden, Owen and George, Michael D. and Myers, Andrew C.}
}
% == BibLateX quality report for liu_warranties_2014:
% ? Possibly abbreviated journal title Proc. of the 11th USENIX NSDI

@inproceedings{mencius,
  title = {Mencius: Building Efficient Replicated State Machines for {{WANs}}},
  volume = {8},
  url = {https://www.usenix.org/legacy/event/osdi08/tech/full_papers/mao/mao_html/},
  booktitle = {{{OSDI}}},
  urldate = {2016-05-01},
  year = {2008},
  pages = {369--384},
  author = {Mao, Yanhua and Junqueira, Flavio Paiva and Marzullo, Keith}
}
% == BibLateX quality report for mencius:
% ? Unsure about the formatting of the booktitle

@article{stellar,
  title = {The Stellar Consensus Protocol: {{A}} Federated Model for Internet-Level Consensus},
  url = {http://citeseerx.ist.psu.edu/viewdoc/download?doi=10.1.1.696.93&rep=rep1&type=pdf},
  journaltitle = {Draft, Stellar Development Foundation, 15th May, available at: https://www. stellar. org/papers/stellarconsensus-protocol. pdf (accessed 23rd May, 2015)},
  urldate = {2016-02-04},
  year = {2015},
  author = {Mazieres, David}
}
% == BibLateX quality report for stellar:
% ? Possibly abbreviated journal title Draft, Stellar Development Foundation, 15th May, available at: https://www. stellar. org/papers/stellarconsensus-protocol. pdf (accessed 23rd May, 2015)

@report{moraru_proof_2013,
  title = {A Proof of Correctness for {{Egalitarian Paxos}}},
  url = {http://www.pdl.cmu.edu/PDL-FTP/associated/CMU-PDL-13-111.pdf},
  institution = {{Technical report, Parallel Data Laboratory, Carnegie Mellon University}},
  urldate = {2016-04-27},
  year = {2013},
  author = {Moraru, Iulian and Andersen, David G. and Kaminsky, Michael}
}
% == BibLateX quality report for moraru_proof_2013:
% Missing required field 'type'

@inproceedings{epaxos,
  title = {There Is More Consensus in Egalitarian Parliaments},
  url = {http://dl.acm.org/citation.cfm?id=2517350},
  booktitle = {Proceedings of the {{Twenty}}-{{Fourth ACM Symposium}} on {{Operating Systems Principles}}},
  publisher = {{ACM}},
  urldate = {2016-04-27},
  year = {2013},
  pages = {358--372},
  author = {Moraru, Iulian and Andersen, David G. and Kaminsky, Michael}
}

@article{fast_paxos,
  title = {Fast Paxos},
  volume = {19},
  url = {http://link.springer.com/article/10.1007/s00446-006-0005-x},
  number = {2},
  journaltitle = {Distributed Computing},
  urldate = {2016-04-27},
  year = {2006},
  pages = {79--103},
  author = {Lamport, Leslie}
}

@inproceedings{moraru_egalitarian_2012,
  title = {Egalitarian Paxos},
  url = {https://www.usenix.org/system/files/nsdip13-paper14.pdf},
  booktitle = {{{ACM Symposium}} on {{Operating Systems Principles}}},
  urldate = {2016-04-27},
  year = {2012},
  author = {Moraru, Iulian and Andersen, David G. and Kaminsky, Michael}
}
% == BibLateX quality report for moraru_egalitarian_2012:
% ? Unsure about the formatting of the booktitle

@article{raft_refloated,
  title = {Raft Refloated: Do We Have Consensus?},
  volume = {49},
  url = {http://dl.acm.org/citation.cfm?id=2723876},
  number = {1},
  journaltitle = {ACM SIGOPS Operating Systems Review},
  urldate = {2016-04-27},
  year = {2015},
  pages = {12-21},
  author = {Howard, Heidi and Schwarzkopf, Malte and Madhavapeddy, Anil and Crowcroft, Jon}
}

@article{pnuts,
  title = {{{PNUTS}}: {{Yahoo}}!'s Hosted Data Serving Platform},
  volume = {1},
  url = {http://dl.acm.org/citation.cfm?id=1454167},
  number = {2},
  journaltitle = {Proceedings of the VLDB Endowment},
  urldate = {2016-04-29},
  year = {2008},
  pages = {1277--1288},
  author = {Cooper, Brian F. and Ramakrishnan, Raghu and Srivastava, Utkarsh and Silberstein, Adam and Bohannon, Philip and Jacobsen, Hans-Arno and Puz, Nick and Weaver, Daniel and Yerneni, Ramana}
}

@article{sequential_consistency,
  title = {Sequential Consistency versus Linearizability},
  volume = {12},
  url = {http://dl.acm.org/citation.cfm?id=176576},
  number = {2},
  journaltitle = {ACM Transactions on Computer Systems (TOCS)},
  urldate = {2016-04-29},
  year = {1994},
  pages = {91--122},
  author = {Attiya, Hagit and Welch, Jennifer L.}
}

@article{linearizability,
  title = {Linearizability: {{A}} Correctness Condition for Concurrent Objects},
  volume = {12},
  url = {http://dl.acm.org/citation.cfm?id=78972},
  number = {3},
  journaltitle = {ACM Transactions on Programming Languages and Systems (TOPLAS)},
  urldate = {2016-04-27},
  year = {1990},
  pages = {463--492},
  author = {Herlihy, Maurice P. and Wing, Jeannette M.}
}

@article{chord,
  title = {Chord: {{A}} Scalable Peer-to-Peer Lookup Service for Internet Applications},
  volume = {31},
  url = {http://dl.acm.org/citation.cfm?id=383071},
  number = {4},
  journaltitle = {ACM SIGCOMM Computer Communication Review},
  urldate = {2014-09-23},
  year = {2001},
  pages = {149--160},
  author = {Stoica, Ion and Morris, Robert and Karger, David and Kaashoek, M. Frans and Balakrishnan, Hari}
}

@inproceedings{demers_epidemic_1987,
  title = {Epidemic Algorithms for Replicated Database Maintenance},
  url = {http://dl.acm.org/citation.cfm?id=41841},
  booktitle = {Proceedings of the Sixth Annual {{ACM Symposium}} on {{Principles}} of Distributed Computing},
  publisher = {{ACM}},
  urldate = {2016-04-29},
  year = {1987},
  pages = {1--12},
  author = {Demers, Alan and Greene, Dan and Hauser, Carl and Irish, Wes and Larson, John and Shenker, Scott and Sturgis, Howard and Swinehart, Dan and Terry, Doug}
}

@article{eventual_consistency,
  title = {Eventually Consistent},
  volume = {52},
  url = {http://dl.acm.org/citation.cfm?id=1435432},
  number = {1},
  journaltitle = {Communications of the ACM},
  urldate = {2016-04-29},
  year = {2009},
  pages = {40--44},
  author = {Vogels, Werner}
}

@article{causal_2,
  title = {Causal Memory: {{Definitions}}, Implementation and Programming},
  volume = {1},
  url = {http://citeseerx.ist.psu.edu/viewdoc/download?doi=10.1.1.88.4039&rep=rep1&type=pdf},
  journaltitle = {IEEE Transactions on Parallel and Distributed Systems},
  urldate = {2016-04-27},
  year = {1990},
  pages = {6--16},
  author = {Ahamad, Mustaque and Neiger, Gil and Kohli, Prince and Burns, James and Hutto, Phil and Anderson, T. E.}
}

@article{immutability_changes_everything,
  title = {Immutability Changes Everything},
  volume = {13},
  url = {http://dl.acm.org/citation.cfm?id=2884038},
  number = {9},
  journaltitle = {Queue},
  urldate = {2016-03-07},
  year = {2015},
  pages = {40},
  author = {Helland, Pat}
}

@inproceedings{gfs,
  title = {The {{Google}} File System},
  volume = {37},
  url = {http://dl.acm.org/citation.cfm?id=945450},
  booktitle = {{{ACM SIGOPS Operating Systems Review}}},
  publisher = {{ACM}},
  year = {2003},
  pages = {29--43},
  keywords = {filesystem,Google},
  author = {Ghemawat, Sanjay and Gobioff, Howard and Leung, Shun-Tak}
}
% == BibLateX quality report for gfs:
% ? Unsure about the formatting of the booktitle

@report{orleans,
  title = {Orleans: Distributed Virtual Actors for Programmability and Scalability},
  url = {http://131.107.65.14/pubs/210931/Orleans-MSR-TR-2014-41.pdf},
  institution = {{MSR Technical Report (MSR-TR-2014-41, 24). http://aka. ms/Ykyqft}},
  urldate = {2015-12-15},
  year = {2014},
  author = {Bernstein, P. and Bykov, Sergey and Geller, Alan and Kliot, Gabriel and Thelin, Jorgen}
}
% == BibLateX quality report for orleans:
% Missing required field 'type'

@article{quantifying_pbs,
  title = {Quantifying Eventual Consistency with {{PBS}}},
  volume = {23},
  url = {http://link.springer.com/article/10.1007/s00778-013-0330-1},
  number = {2},
  journaltitle = {The VLDB Journal},
  urldate = {2015-04-07},
  year = {2014},
  pages = {279--302},
  author = {Bailis, Peter and Venkataraman, Shivaram and Franklin, Michael J. and Hellerstein, Joseph M. and Stoica, Ion}
}

@inproceedings{gray_dangers_1996,
  title = {The Dangers of Replication and a Solution},
  volume = {25},
  url = {http://dl.acm.org/citation.cfm?id=233330},
  booktitle = {{{ACM SIGMOD Record}}},
  publisher = {{ACM}},
  urldate = {2015-04-07},
  year = {1996},
  pages = {173--182},
  author = {Gray, Jim and Helland, Pat and O'Neil, Patrick and Shasha, Dennis}
}
% == BibLateX quality report for gray_dangers_1996:
% ? Unsure about the formatting of the booktitle

@inproceedings{dynamo,
  title = {Dynamo: Amazon's Highly Available Key-Value Store},
  volume = {41},
  url = {http://dl.acm.org/citation.cfm?id=1294281},
  booktitle = {{{ACM SIGOPS Operating Systems Review}}},
  publisher = {{ACM}},
  urldate = {2014-10-15},
  year = {2007},
  pages = {205--220},
  author = {DeCandia, Giuseppe and Hastorun, Deniz and Jampani, Madan and Kakulapati, Gunavardhan and Lakshman, Avinash and Pilchin, Alex and Sivasubramanian, Swaminathan and Vosshall, Peter and Vogels, Werner}
}
% == BibLateX quality report for dynamo:
% ? Unsure about the formatting of the booktitle

@inproceedings{bengfort_evolutionary_2014,
  title = {Evolutionary Design of Self-Organizing Particle Systems for Collective Problem Solving},
  doi = {10.1109/SIS.2014.7011790},
  booktitle = {Swarm {{Intelligence}} ({{SIS}}), 2014 {{IEEE Symposium}} On},
  publisher = {{IEEE}},
  date = {2014-12},
  year = {2014},
  pages = {1--8},
  keywords = {Computational modeling,Evolutionary computation,Genetics,Problem-solving,Sociology,Statistics,Vectors},
  author = {Bengfort, Benjamin and Kim, Philip Y. and Harrison, Kevin and Reggia, James A.}
}
% == BibLateX quality report for bengfort_evolutionary_2014:
% ? Unsure about the formatting of the booktitle

@article{stonebraker_what_2005,
  title = {What Goes around Comes Around},
  volume = {4},
  url = {https://books.google.com/books?hl=en&lr=&id=7a48qSMuVcUC&oi=fnd&pg=PA2&dq=what+goes+around+comes+around&ots=taje6wQt1j&sig=RTT17IrzcZ7yMreChmHBiHHD83c},
  journaltitle = {Readings in Database Systems},
  urldate = {2015-03-18},
  year = {2005},
  author = {Stonebraker, Michael and Hellerstein, Joey}
}

@article{stonebraker_mapreduce_2010,
  title = {{{MapReduce}} and Parallel {{DBMSs}}: Friends or Foes?},
  volume = {53},
  url = {http://dl.acm.org/citation.cfm?id=1629197},
  number = {1},
  journaltitle = {Communications of the ACM},
  urldate = {2015-02-23},
  year = {2010},
  pages = {64--71},
  author = {Stonebraker, Michael and Abadi, Daniel and DeWitt, David J. and Madden, Sam and Paulson, Erik and Pavlo, Andrew and Rasin, Alexander}
}

@inproceedings{sundr,
  title = {Secure {{Untrusted Data Repository}} ({{SUNDR}}).},
  volume = {4},
  booktitle = {{{OSDI}}},
  year = {2004},
  pages = {9--9},
  author = {Li, Jinyuan and Krohn, Maxwell N. and Mazieres, David and Shasha, Dennis E.}
}
% == BibLateX quality report for sundr:
% ? Unsure about the formatting of the booktitle
% ? Title looks like it was stored in title-case in Zotero

@article{rabin_karp,
  title = {Efficient Randomized Pattern-Matching Algorithms},
  volume = {31},
  number = {2},
  journaltitle = {IBM Journal of Research and Development},
  year = {1987},
  pages = {249--260},
  author = {Karp, Richard M. and Rabin, Michael O.}
}

@inproceedings{vangoor_fuse_2017,
  title = {To {{FUSE}} or {{Not}} to {{FUSE}}: {{Performance}} of {{User}}-{{Space File Systems}}.},
  booktitle = {{{FAST}}},
  year = {2017},
  pages = {59--72},
  author = {Vangoor, Bharath Kumar Reddy and Tarasov, Vasily and Zadok, Erez}
}
% == BibLateX quality report for vangoor_fuse_2017:
% ? Unsure about the formatting of the booktitle
% ? Title looks like it was stored in title-case in Zotero

@software{go_fuse,
  title = {Bazil.Org/Fuse},
  url = {https://github.com/bazil/fuse},
  version = {371fbbd},
  urldate = {2017-11-01},
  date = {2016-11-08},
  year = {2016},
  author = {Virtanen, Tommi}
}
% == BibLateX quality report for go_fuse:
% Unexpected field 'title'
% Unexpected field 'version'
% Unexpected field 'author'
% ? Title looks like it was stored in lower-case in Zotero

@inproceedings{merkle_tree,
  title = {A Digital Signature Based on a Conventional Encryption Function},
  booktitle = {Conference on the {{Theory}} and {{Application}} of {{Cryptographic Techniques}}},
  publisher = {{Springer}},
  year = {1987},
  pages = {369--378},
  author = {Merkle, Ralph C}
}
% == BibLateX quality report for merkle_tree:
% ? Unsure about the formatting of the booktitle

@article{tarasov_filebench_2016,
  title = {Filebench: {{A}} Flexible Framework for File System Benchmarking},
  volume = {41},
  journaltitle = {USENIX; login},
  year = {2016},
  author = {Tarasov, Vasily and Zadok, Erez and Shepler, Spencer}
}

@article{contextual_bandits,
  title = {Efficient {{Contextual Bandits}} in {{Non}}-Stationary {{Worlds}}},
  journaltitle = {arXiv preprint arXiv:1708.01799},
  year = {2017},
  author = {Luo, Haipeng and Agarwal, Alekh and Langford, John}
}
% == BibLateX quality report for contextual_bandits:
% ? Possibly abbreviated journal title arXiv preprint arXiv:1708.01799

@inproceedings{vertical_paxos,
  title = {Vertical Paxos and Primary-Backup Replication},
  booktitle = {Proceedings of the 28th {{ACM}} Symposium on {{Principles}} of Distributed Computing},
  publisher = {{ACM}},
  year = {2009},
  pages = {312--313},
  author = {Lamport, Leslie and Malkhi, Dahlia and Zhou, Lidong}
}
% == BibLateX quality report for vertical_paxos:
% ? Unsure about the formatting of the booktitle

@article{van_renesse_paxos_2015,
  title = {Paxos Made Moderately Complex},
  volume = {47},
  number = {3},
  journaltitle = {ACM Computing Surveys (CSUR)},
  year = {2015},
  pages = {42},
  author = {Van Renesse, Robbert and Altinbuken, Deniz}
}

@article{wpaxos,
  title = {{{WPaxos}}: {{Ruling}} the {{Archipelago}} with {{Fast Consensus}}},
  author = {Ailijiang, Ailidani and Charapko, Aleksey and Demirbas, Murat and Kosar, Tevfik}
}
% == BibLateX quality report for wpaxos:
% Exactly one of 'date' / 'year' must be present
% Missing required field 'journaltitle'
% ? Title looks like it was stored in title-case in Zotero

@article{niobe,
  title = {Niobe: {{A}} Practical Replication Protocol},
  volume = {3},
  number = {4},
  journaltitle = {ACM Transactions on Storage (TOS)},
  year = {2008},
  pages = {1},
  author = {MacCormick, John and Thekkath, Chandramohan A. and Jager, Marcus and Roomp, Kristof and Zhou, Lidong and Peterson, Ryan}
}

@inproceedings{wada_data_2011,
  title = {Data {{Consistency Properties}} and the {{Trade}}-Offs in {{Commercial Cloud Storage}}: The {{Consumers}}' {{Perspective}}.},
  volume = {11},
  booktitle = {{{CIDR}}},
  year = {2011},
  pages = {134--143},
  author = {Wada, Hiroshi and Fekete, Alan and Zhao, Liang and Lee, Kevin and Liu, Anna}
}
% == BibLateX quality report for wada_data_2011:
% ? Unsure about the formatting of the booktitle

@report{wren,
  title = {The Design of {{Wren}}, a {{Fast}} and {{Scalable Transactional Causally Consistent Geo}}-{{Replicated Key}}-{{Value Store}}},
  year = {2017},
  author = {Didona, Diego and Spirovska, Kristina and Zwaenepoel, Willy}
}
% == BibLateX quality report for wren:
% Missing required field 'type'
% Missing required field 'institution'

@inproceedings{rethinking_eventual,
  title = {Rethinking Eventual Consistency},
  booktitle = {Proceedings of the 2013 {{ACM SIGMOD International Conference}} on {{Management}} of {{Data}}},
  publisher = {{ACM}},
  year = {2013},
  pages = {923--928},
  author = {Bernstein, Philip A. and Das, Sudipto}
}

@inproceedings{geo_cdn,
  title = {Track Globally, Deliver Locally: Improving Content Delivery Networks by Tracking Geographic Social Cascades},
  booktitle = {Proceedings of the 20th International Conference on {{World}} Wide Web},
  publisher = {{ACM}},
  year = {2011},
  pages = {457--466},
  author = {Scellato, Salvatore and Mascolo, Cecilia and Musolesi, Mirco and Crowcroft, Jon}
}
% == BibLateX quality report for geo_cdn:
% ? Unsure about the formatting of the booktitle

@article{edge_computing,
  title = {Edge-Centric Computing: {{Vision}} and Challenges},
  volume = {45},
  number = {5},
  journaltitle = {ACM SIGCOMM Computer Communication Review},
  year = {2015},
  pages = {37--42},
  author = {Garcia Lopez, Pedro and Montresor, Alberto and Epema, Dick and Datta, Anwitaman and Higashino, Teruo and Iamnitchi, Adriana and Barcellos, Marinho and Felber, Pascal and Riviere, Etienne}
}

@inproceedings{bengfort_anti-entropy_2018,
  location = {{Vienna, Austria}},
  title = {Anti-{{Entropy Bandits}} for {{Geo}}-{{Replicated Consistency}}},
  eventtitle = {{{ICDCS}} 2018},
  booktitle = {Proceedings of the 38th {{International Conference}} on {{Distributed Computing Systems}} ({{ICDCS}})},
  publisher = {{IEEE Computer Society Press}},
  date = {2018-07-05},
  year = {2018},
  author = {Bengfort, Benjamin and Xirogiannopoulos, Konstantinos and Keleher, Pete}
}
% == BibLateX quality report for bengfort_anti-entropy_2018:
% ? Title looks like it was stored in title-case in Zotero

@book{tlsv1,
  title = {The {{TLS Protocol Version}} 1.0},
  series = {RFC 2246},
  date = {1999-01},
  year = {1999},
  author = {Dierks, T. and Allen, C.}
}
% == BibLateX quality report for tlsv1:
% ? Title looks like it was stored in title-case in Zotero

@inproceedings{eiger,
  title = {Stronger Semantics for Low-Latency Geo-Replicated Storage},
  booktitle = {Proceedings of the 10th {{USENIX Symposium}} on {{Networked Systems Design}} and {{Implementation}} ({{NSDI}}'13), {{Lombard}}, {{IL}}},
  year = {2013},
  author = {Lloyd, Wyatt and Freedman, Michael J and Kaminsky, Michael and Andersen, David G}
}

@inproceedings{safety,
  title = {Safety, {{Visibility}}, and {{Performance}} in a {{Wide}}-{{Area File System}}},
  booktitle = {Proceedings of the 1st {{USENIX Conference}} on {{File}} and {{Storage Technologies}}},
  year = {2002},
  author = {Kim, Minkyong and Cox, Landon P. and Noble, Brian D.}
}
% == BibLateX quality report for safety:
% ? Title looks like it was stored in title-case in Zotero

@inproceedings{lbfs,
  title = {A {{Low}}-Bandwidth {{Network File System}}},
  booktitle = {Proceedings of the 18th {{ACM Symposium}} on {{Operating Systems Principles}} ({{SOSP}} '01)},
  date = {2001-10},
  year = {2001},
  pages = {174--187},
  author = {Muthitacharoen, Athicha and Chen, Benjie and Mazi\`eres, David}
}

@report{rabin_fingerprint,
  title = {Fingerprinting by {{Random Polynomials}}},
  number = {TR-15-81},
  institution = {{Harvard Aiken Computation Laboratory}},
  year = {1981},
  author = {Rabin, Michael O.}
}
% == BibLateX quality report for rabin_fingerprint:
% Missing required field 'type'
% ? Title looks like it was stored in title-case in Zotero

@inproceedings{casper,
  location = {{San Antonio, TX}},
  title = {Opportunistic {{Use}} of {{Content Addressable Storage}} for {{Distributed File Systems}}},
  url = {http://citeseer.ist.psu.edu/tolia03opportunistic.html},
  booktitle = {Proceedings of the {{USENIX}} 2003 {{Annual Technical Conference}}},
  date = {2003-06},
  year = {2003},
  pages = {127--140},
  author = {Tolia, Niraj and Kozuch, Michael and Satyanarayanan, Mahadev and Karp, Brad and Perrig, Adrian and Bressoud, Thomas}
}
% == BibLateX quality report for casper:
% ? Title looks like it was stored in title-case in Zotero

@inproceedings{kotla_zyzzyva_2007,
  location = {{Stevenson, Washington, USA}},
  title = {Zyzzyva: Speculative Byzantine Fault Tolerance},
  booktitle = {Proceedings of Twenty-First {{ACM SIGOPS}} Symposium on {{Operating}} Systems Principles},
  series = {SOSP '07},
  year = {2007},
  author = {Kotla, Ramakrishna and Alvisi, Lorenzo and Dahlin, Mike and Clement, Allen and Wong, Edmund}
}
% == BibLateX quality report for kotla_zyzzyva_2007:
% ? Unsure about the formatting of the booktitle

@inproceedings{byzantine_fault_tolerance,
  title = {Beyond {{One}}-{{Third Faulty Replicas}} in {{Byzantine Fault Tolerant Systems}}},
  url = {http://www.usenix.org/events/nsdi07/tech/li.html},
  booktitle = {{{NSDI}}},
  publisher = {{USENIX}},
  year = {2007},
  author = {Li, Jinyuan and Mazi\`eres, David}
}
% == BibLateX quality report for byzantine_fault_tolerance:
% ? Unsure about the formatting of the booktitle
% ? Title looks like it was stored in title-case in Zotero

@software{s3,
  title = {Amazon {{Simple Storage Service}} ({{Amazon S3}})},
  url = {http://aws.amazon.com/s3}
}
% == BibLateX quality report for s3:
% Unexpected field 'title'
% ? Title looks like it was stored in title-case in Zotero

@inproceedings{ho_nysiad_2008,
  title = {Nysiad: {{Practical}} Protocol Transformation to Tolerate {{Byzantine}} Failures},
  booktitle = {Proc. {{Symposium}} on {{Networked Systems Design}} and {{Implementation}} ({{NSDI}})},
  year = {2008},
  pages = {175--188},
  author = {Ho, C. and Van Renesse, R. and Bickford, M. and Dolev, D.}
}
% == BibLateX quality report for ho_nysiad_2008:
% ? Unsure about the formatting of the booktitle

@incollection{raynal_sequential_2002,
  title = {Sequential Consistency as Lazy Linearizability},
  booktitle = {{{EurAsia}}-{{ICT}} 2002: {{Information}} and {{Communication Technology}}},
  publisher = {{Springer}},
  year = {2002},
  pages = {866--873},
  author = {Raynal, Michel}
}
% == BibLateX quality report for raynal_sequential_2002:
% Missing required field 'editor'

@article{fail-stop,
  title = {Byzantine {{Generals}} in {{Action}}: {{Implementing Fail}}-Stop {{Processors}}},
  volume = {2},
  issn = {0734-2071},
  doi = {10.1145/190.357399},
  number = {2},
  journaltitle = {ACM Trans. Comput. Syst.},
  date = {1984-05},
  year = {1984},
  pages = {145--154},
  keywords = {Byzantine generals,fail-fast,fail-stop},
  author = {Schneider, Fred B.}
}
% == BibLateX quality report for fail-stop:
% ? Possibly abbreviated journal title ACM Trans. Comput. Syst.

@article{byzantine-generals,
  title = {The {{Byzantine}} Generals Problem},
  volume = {4},
  number = {3},
  journaltitle = {ACM Transactions on Programming Languages and Systems (TOPLAS)},
  year = {1982},
  pages = {382--401},
  author = {Lamport, Leslie and Shostak, Robert and Pease, Marshall}
}

@inproceedings{calvindb,
  title = {Calvin: Fast Distributed Transactions for Partitioned Database Systems},
  booktitle = {Proceedings of the 2012 {{ACM SIGMOD International Conference}} on {{Management}} of {{Data}}},
  publisher = {{ACM}},
  year = {2012},
  pages = {1--12},
  author = {Thomson, Alexander and Diamond, Thaddeus and Weng, Shu-Chun and Ren, Kun and Shao, Philip and Abadi, Daniel J}
}

@inproceedings{pvfs,
  title = {{{PVFS}}: {{A}} Parallel File System for {{Linux}} Clusters},
  booktitle = {Proceedings of the 4th Annual {{Linux Showcase}} and {{Conference}}},
  year = {2000},
  pages = {391--430},
  author = {Ross, Robert B and Thakur, Rajeev and others}
}

@inproceedings{hyder-a,
  title = {Hyder-{{A Transactional Record Manager}} for {{Shared Flash}}.},
  volume = {11},
  booktitle = {{{CIDR}}},
  year = {2011},
  pages = {9--12},
  author = {Bernstein, Philip A and Reid, Colin W and Das, Sudipto}
}
% == BibLateX quality report for hyder-a:
% ? Unsure about the formatting of the booktitle
% ? Title looks like it was stored in title-case in Zotero

@inproceedings{fawn,
  title = {{{FAWN}}: {{A}} Fast Array of Wimpy Nodes},
  booktitle = {Proceedings of the {{ACM SIGOPS}} 22nd Symposium on {{Operating}} Systems Principles},
  publisher = {{ACM}},
  year = {2009},
  pages = {1--14},
  author = {Andersen, David G and Franklin, Jason and Kaminsky, Michael and Phanishayee, Amar and Tan, Lawrence and Vasudevan, Vijay}
}
% == BibLateX quality report for fawn:
% ? Unsure about the formatting of the booktitle

@inproceedings{tango,
  title = {Tango: {{Distributed}} Data Structures over a Shared Log},
  booktitle = {Proceedings of the {{Twenty}}-{{Fourth ACM Symposium}} on {{Operating Systems Principles}}},
  publisher = {{ACM}},
  year = {2013},
  pages = {325--340},
  author = {Balakrishnan, Mahesh and Malkhi, Dahlia and Wobber, Ted and Wu, Ming and Prabhakaran, Vijayan and Wei, Michael and Davis, John D and Rao, Sriram and Zou, Tao and Zuck, Aviad}
}

@inproceedings{vcorfu,
  title = {{{vCorfu}}: {{A Cloud}}-{{Scale Object Store}} on a {{Shared Log}}.},
  booktitle = {{{NSDI}}},
  year = {2017},
  pages = {35--49},
  author = {Wei, Michael and Tai, Amy and Rossbach, Christopher J and Abraham, Ittai and Munshed, Maithem and Dhawan, Medhavi and Stabile, Jim and Wieder, Udi and Fritchie, Scott and Swanson, Steven and others}
}
% == BibLateX quality report for vcorfu:
% ? Unsure about the formatting of the booktitle

@report{externalizable,
  title = {Information {{Storage}} in a {{Decentralized Computer System}}.},
  institution = {{Xerox PARC}},
  year = {1982},
  author = {Gifford, David K.}
}
% == BibLateX quality report for externalizable:
% Missing required field 'type'
% ? Title looks like it was stored in title-case in Zotero

@inproceedings{reliable_gossip,
  title = {{{HyParView}}: {{A}} Membership Protocol for Reliable Gossip-Based Broadcast},
  booktitle = {Dependable {{Systems}} and {{Networks}}, 2007. {{DSN}}'07. 37th {{Annual IEEE}}/{{IFIP International Conference}} On},
  publisher = {{IEEE}},
  year = {2007},
  pages = {419--429},
  author = {Leitao, Joao and Pereira, Jos\'e and Rodrigues, Luis}
}
% == BibLateX quality report for reliable_gossip:
% ? Unsure about the formatting of the booktitle

@inproceedings{tolgyesi_adaptive_2009,
  title = {Adaptive Peer Sampling with Newscast},
  booktitle = {European {{Conference}} on {{Parallel Processing}}},
  publisher = {{Springer}},
  year = {2009},
  pages = {523--534},
  author = {T\"olgyesi, Norbert and Jelasity, M\'ark}
}
% == BibLateX quality report for tolgyesi_adaptive_2009:
% ? Unsure about the formatting of the booktitle

@inproceedings{nawab_dpaxos_2018,
  title = {{{DPaxos}}: {{Managing Data Closer}} to {{Users}} for {{Low}}-{{Latency}} and {{Mobile Applications}}},
  booktitle = {Proceedings of the 2018 {{International Conference}} on {{Management}} of {{Data}}},
  publisher = {{ACM}},
  year = {2018},
  pages = {1221--1236},
  author = {Nawab, Faisal and Agrawal, Divyakant and El Abbadi, Amr}
}
% == BibLateX quality report for nawab_dpaxos_2018:
% ? Title looks like it was stored in title-case in Zotero

@inproceedings{silaghi_multi-dimensional_2004,
  title = {Multi-Dimensional Quorum Sets for Read-Few Write-Many Replica Control Protocols},
  booktitle = {Cluster {{Computing}} and the {{Grid}}, 2004. {{CCGrid}} 2004. {{IEEE International Symposium}} On},
  publisher = {{IEEE}},
  year = {2004},
  pages = {355--362},
  author = {Silaghi, Bujor and Keleher, Pete and Bhattacharjee, Bobby}
}
% == BibLateX quality report for silaghi_multi-dimensional_2004:
% ? Unsure about the formatting of the booktitle

@inproceedings{btrdb,
  title = {{{BTrDB}}: {{Optimizing Storage System Design}} for {{Timeseries Processing}}.},
  booktitle = {{{FAST}}},
  year = {2016},
  pages = {39--52},
  author = {Andersen, Michael P. and Culler, David E.}
}
% == BibLateX quality report for btrdb:
% ? Unsure about the formatting of the booktitle
% ? Title looks like it was stored in title-case in Zotero

@inproceedings{smart_grid,
  title = {{{DISTIL}}: {{Design}} and Implementation of a Scalable Synchrophasor Data Processing System},
  booktitle = {Smart {{Grid Communications}} ({{SmartGridComm}}), 2015 {{IEEE International Conference}} On},
  publisher = {{IEEE}},
  year = {2015},
  pages = {271--277},
  author = {Andersen, Michael P. and Kumar, Sam and Brooks, Connor and von Meier, Alexandra and Culler, David E.},
  options = {useprefix=true}
}
% == BibLateX quality report for smart_grid:
% ? Unsure about the formatting of the booktitle

@inproceedings{pebblesdb,
  title = {Pebblesdb: {{Building}} Key-Value Stores Using Fragmented Log-Structured Merge Trees},
  booktitle = {Proceedings of the 26th {{Symposium}} on {{Operating Systems Principles}}},
  publisher = {{ACM}},
  year = {2017},
  pages = {497--514},
  author = {Raju, Pandian and Kadekodi, Rohan and Chidambaram, Vijay and Abraham, Ittai}
}

@inproceedings{aurora,
  title = {Amazon Aurora: {{Design}} Considerations for High Throughput Cloud-Native Relational Databases},
  booktitle = {Proceedings of the 2017 {{ACM International Conference}} on {{Management}} of {{Data}}},
  publisher = {{ACM}},
  year = {2017},
  pages = {1041--1052},
  author = {Verbitski, Alexandre and Gupta, Anurag and Saha, Debanjan and Brahmadesam, Murali and Gupta, Kamal and Mittal, Raman and Krishnamurthy, Sailesh and Maurice, Sandor and Kharatishvili, Tengiz and Bao, Xiaofeng}
}

@article{internet,
  title = {A Brief History of the {{Internet}}},
  volume = {39},
  number = {5},
  journaltitle = {ACM SIGCOMM Computer Communication Review},
  year = {2009},
  pages = {22--31},
  author = {Leiner, Barry M. and Cerf, Vinton G. and Clark, David D. and Kahn, Robert E. and Kleinrock, Leonard and Lynch, Daniel C. and Postel, Jon and Roberts, Larry G. and Wolff, Stephen}
}

@article{primary_backup,
  title = {The Primary-Backup Approach},
  volume = {2},
  journaltitle = {Distributed systems},
  year = {1993},
  pages = {199--216},
  author = {Budhiraja, Navin and Marzullo, Keith and Schneider, Fred B. and Toueg, Sam}
}

@article{shared_nothing,
  title = {The Case for Shared Nothing},
  volume = {9},
  number = {1},
  journaltitle = {IEEE Database Eng. Bull.},
  year = {1986},
  pages = {4--9},
  author = {Stonebraker, Michael}
}
% == BibLateX quality report for shared_nothing:
% ? Possibly abbreviated journal title IEEE Database Eng. Bull.

@online{raft_students_guide,
  langid = {english},
  title = {Students' {{Guide}} to {{Raft}} :: {{Jon Gjengset}}},
  url = {https://thesquareplanet.com/blog/students-guide-to-raft/},
  urldate = {2018-09-24},
  author = {Gjengset $<$jon@thesquareplanet.com$>$, Jon}
}
% == BibLateX quality report for raft_students_guide:
% Exactly one of 'date' / 'year' must be present
% ? Title looks like it was stored in title-case in Zotero

@inproceedings{ceph,
  title = {Ceph: {{A}} Scalable, High-Performance Distributed File System},
  booktitle = {Proceedings of the 7th Symposium on {{Operating}} Systems Design and Implementation},
  publisher = {{USENIX Association}},
  year = {2006},
  pages = {307--320},
  author = {Weil, Sage A. and Brandt, Scott A. and Miller, Ethan L. and Long, Darrell DE and Maltzahn, Carlos}
}
% == BibLateX quality report for ceph:
% ? Unsure about the formatting of the booktitle

@article{cisco_internet_trends,
  title = {The Zettabyte Era\textendash{}Trends and Analysis},
  journaltitle = {Cisco white paper},
  year = {2017},
  author = {Index, Cisco Visual Networking}
}

@article{yamazaki_developer_2016,
  entrysubtype = {newspaper},
  langid = {english},
  title = {Developer of {{Nintendo}}'s {{Pokemon GO}} Aiming for Rollout to 200...},
  url = {https://www.reuters.com/article/us-nintendo-pokemon-niantic/developer-of-nintendos-pokemon-go-aiming-for-rollout-to-200-markets-soon-idUSKCN0ZV0I2},
  journaltitle = {Reuters},
  urldate = {2018-10-01},
  date = {2016-07-15},
  year = {2016},
  keywords = {Science,Social Media,Arts / Culture / Entertainment,Asia / Pacific,China (PRC),Company News,Corporate Events,Europe,Germany,Government Borrowing Requirement,Internet / World Wide Web,Japan,John Hanke,Major News,NIANTIC,NINTENDO,North Korea,Pictures,POKEMON,Software and IT Services (TRBC),South Korea,Technology Equipment (TRBC),Telecommunications Services (TRBC),Toys and Games (TRBC),United Kingdom,United States,US,Volatile Shares / Hot Stocks},
  author = {Yamazaki, Makiko}
}

@article{cloud_computing,
  title = {A View of Cloud Computing},
  volume = {53},
  number = {4},
  journaltitle = {Communications of the ACM},
  year = {2010},
  pages = {50--58},
  author = {Armbrust, Michael and Fox, Armando and Griffith, Rean and Joseph, Anthony D. and Katz, Randy and Konwinski, Andy and Lee, Gunho and Patterson, David and Rabkin, Ariel and Stoica, Ion}
}

@inproceedings{eucalyptus,
  title = {The Eucalyptus Open-Source Cloud-Computing System},
  booktitle = {Cluster {{Computing}} and the {{Grid}}, 2009. {{CCGRID}}'09. 9th {{IEEE}}/{{ACM International Symposium}} On},
  publisher = {{IEEE}},
  year = {2009},
  pages = {124--131},
  author = {Nurmi, Daniel and Wolski, Rich and Grzegorczyk, Chris and Obertelli, Graziano and Soman, Sunil and Youseff, Lamia and Zagorodnov, Dmitrii}
}
% == BibLateX quality report for eucalyptus:
% ? Unsure about the formatting of the booktitle

@article{docker,
  title = {Docker: Lightweight Linux Containers for Consistent Development and Deployment},
  volume = {2014},
  number = {239},
  journaltitle = {Linux Journal},
  year = {2014},
  pages = {2},
  author = {Merkel, Dirk}
}

@article{fuzzy_log,
  title = {The {{FuzzyLog}}: {{A Partially Ordered Shared Log}}},
  journaltitle = {OSDI 2018},
  year = {2018},
  author = {Lockerman, Joshua and Faleiro, Jose M. and Kim, Juno and Sankaram, Soham and Abadi, Daniel J. and Aspnes, James and Siddhartha, Sen and Balakrishnan, Mahesh}
}
% == BibLateX quality report for fuzzy_log:
% ? Title looks like it was stored in title-case in Zotero

@article{casey_blockchain_2018,
  title = {In Blockchain We Trust},
  volume = {15},
  url = {https://www.technologyreview.com/s/610781/in-blockchain-we-trust/},
  issue = {May/June 2018},
  journaltitle = {MIT Technology Review},
  date = {2018-04-09},
  year = {2018},
  author = {Casey, Michael J. and Vigna, Paul}
}

@article{hbase,
  title = {{{HBase}} and {{Hypertable}} for Large Scale Distributed Storage Systems},
  journaltitle = {Dept. of Computer Science, Purdue University},
  year = {2006},
  pages = {22--28},
  author = {Khetrapal, Ankur and Ganesh, Vinay}
}
% == BibLateX quality report for hbase:
% ? Possibly abbreviated journal title Dept. of Computer Science, Purdue University

@software{faunadb,
  title = {{{FaunaDB}}: {{An Architectural Overview}}},
  url = {https://fauna.com/},
  author = {Freels, Matt}
}
% == BibLateX quality report for faunadb:
% Unexpected field 'title'
% Unexpected field 'author'
% ? Title looks like it was stored in title-case in Zotero

@article{alvisi_writes_2017,
  title = {Writes: The Dirty Secret of Causal Consistency},
  year = {2017},
  author = {Alvisi, Lorenzo and Crooks, Natacha and Mehdi, Syed Akbar}
}
% == BibLateX quality report for alvisi_writes_2017:
% Missing required field 'journaltitle'

@inproceedings{mohan_history_2013,
  title = {History Repeats Itself: Sensible and {{NonsenSQL}} Aspects of the {{NoSQL}} Hoopla},
  booktitle = {Proceedings of the 16th {{International Conference}} on {{Extending Database Technology}}},
  publisher = {{ACM}},
  year = {2013},
  pages = {11--16},
  author = {Mohan, C.}
}

@article{consistency_tradeoffs,
  title = {Consistency Tradeoffs in Modern Distributed Database System Design: {{CAP}} Is Only Part of the Story},
  volume = {45},
  number = {2},
  journaltitle = {Computer},
  year = {2012},
  pages = {37--42},
  author = {Abadi, Daniel J.}
}

@inproceedings{where_world_data,
  title = {Where in the World Is My Data},
  booktitle = {Proceedings {{International Conference}} on {{Very Large Data Bases}} ({{VLDB}})},
  year = {2011},
  author = {Kadambi, Sudarshan and Chen, Jianjun and Cooper, Brian F. and Lomax, David and Ramakrishnan, Raghu and Silberstein, Adam and Tam, Erwin and Garcia-Molina, Hector}
}

@software{cockroachdb,
  title = {{{CockroachDB}}},
  url = {https://www.cockroachlabs.com/},
  author = {Kimball, Spencer and Mattis, Peter and Darnell, Ben}
}
% == BibLateX quality report for cockroachdb:
% Unexpected field 'title'
% Unexpected field 'author'

@software{vitess,
  title = {Vitess},
  url = {https://vitess.io/},
  date = {2018-10-09},
  year = {2018},
  author = {Jobart, Alain and Sougoumarane, Sugu and Berlin, Michael and Yeh, Anthony}
}
% == BibLateX quality report for vitess:
% Unexpected field 'title'
% Unexpected field 'author'

@online{azure_sql_database,
  langid = {american},
  title = {Scaling out with {{Azure SQL Database}}},
  url = {https://docs.microsoft.com/en-us/azure/sql-database/sql-database-elastic-scale-introduction},
  urldate = {2018-10-09},
  year = {2018},
  author = {{stevestein}}
}
% == BibLateX quality report for azure_sql_database:
% Exactly one of 'date' / 'year' must be present
% ? Title looks like it was stored in title-case in Zotero

@online{kain_pokemon_2016,
  langid = {english},
  title = {The '{{Pok\'emon GO}}' {{Launch Has Been A Complete Disaster}} [{{Updated}}]},
  url = {https://www.forbes.com/sites/erikkain/2016/07/08/the-pokemon-go-launch-has-been-a-complete-disaster/},
  journaltitle = {Forbes},
  urldate = {2018-10-09},
  date = {2016-07-08},
  year = {2016},
  author = {Kain, Erik}
}
% == BibLateX quality report for kain_pokemon_2016:
% Unexpected field 'journaltitle'
% ? Title looks like it was stored in title-case in Zotero

@online{stone_bringing_2016,
  title = {Bringing {{Pok\'emon GO}} to Life on {{Google Cloud}}},
  url = {https://cloud.google.com/blog/products/gcp/bringing-pokemon-go-to-life-on-google-cloud/},
  journaltitle = {Google Cloud Blog},
  urldate = {2018-10-09},
  date = {2016-09-29},
  year = {2016},
  author = {Stone, Luke}
}
% == BibLateX quality report for stone_bringing_2016:
% Unexpected field 'journaltitle'

@software{cloud_datastore,
  title = {Cloud {{Datastore}}},
  url = {https://cloud.google.com/datastore/},
  organization = {{Google Cloud}},
  date = {2018-10-10},
  year = {2018},
}
% == BibLateX quality report for cloud_datastore:
% Unexpected field 'title'
% Unexpected field 'organization'
% ? Title looks like it was stored in title-case in Zotero

@inproceedings{kubernetes,
  title = {Kubernetes and the Path to Cloud Native},
  booktitle = {Proceedings of the {{Sixth ACM Symposium}} on {{Cloud Computing}}},
  publisher = {{ACM}},
  year = {2015},
  pages = {167--167},
  author = {Brewer, Eric A.}
}

@inproceedings{oliveira_evaluating_2016,
  title = {Evaluating Raft in Docker on Kubernetes},
  booktitle = {International {{Conference}} on {{Systems Science}}},
  publisher = {{Springer}},
  year = {2016},
  pages = {123--130},
  author = {Oliveira, Caio and Lung, Lau Cheuk and Netto, Hylson and Rech, Luciana}
}
% == BibLateX quality report for oliveira_evaluating_2016:
% ? Unsure about the formatting of the booktitle

@online{region_locking,
  langid = {american},
  title = {Nintendo's {{President Discusses Region Locking}}},
  url = {http://www.ign.com/articles/2013/07/03/nintendos-president-discusses-region-locking},
  journaltitle = {IGN},
  urldate = {2018-10-10},
  date = {2013-07-03},
  year = {2013},
  author = {George, Richard}
}
% == BibLateX quality report for region_locking:
% Unexpected field 'journaltitle'
% ? Title looks like it was stored in title-case in Zotero

@online{runkeeper,
  langid = {american},
  title = {{{RunKeeper Scales}} to {{Meet Demand}} from 24 {{Million Global Users}} with {{New Relic}}},
  url = {https://blog.newrelic.com/product-news/runkeeper-scales-meet-demand/},
  journaltitle = {New Relic Blog},
  urldate = {2018-10-10},
  date = {2013-10-24T04:55:18-07:00},
  year = {2013},
  author = {Bandini, Desdemona}
}
% == BibLateX quality report for runkeeper:
% Unexpected field 'journaltitle'
% ? Title looks like it was stored in title-case in Zotero

@online{wework_global_access,
  langid = {english},
  title = {Global {{Access}}},
  url = {https://www.wework.com/promos/global-access},
  journaltitle = {WeWork},
  urldate = {2018-10-10},
  year = {2018},
  author = {WeWork}
}
% == BibLateX quality report for wework_global_access:
% Unexpected field 'journaltitle'
% ? Title looks like it was stored in title-case in Zotero

@online{darksky,
  langid = {english},
  title = {Dark {{Sky Weather App}} for {{iOS}} and {{Android}}},
  url = {http://www.darksky.net/app},
  journaltitle = {Dark Sky},
  urldate = {2018-10-10},
  year = {2018},
  author = {Grossman, Adam and LaPorte, Jay}
}
% == BibLateX quality report for darksky:
% Unexpected field 'journaltitle'

@online{trello,
  langid = {american},
  title = {Lessons {{Learned From Launching Internationally}}},
  url = {https://blog.trello.com/lessons-learned-from-launching-internationally},
  urldate = {2018-10-10},
  date = {2015-10-22},
  year = {2015},
  author = {Garber, Stella}
}
% == BibLateX quality report for trello:
% ? Title looks like it was stored in title-case in Zotero

@online{tile,
  langid = {american},
  title = {Tile {{About Tile}}},
  url = {https://www.thetileapp.com/en-us/about-tile},
  urldate = {2018-10-10},
  year = {2018}
}
% == BibLateX quality report for tile:
% Exactly one of 'date' / 'year' must be present
% ? Title looks like it was stored in title-case in Zotero

@online{signal,
  langid = {american},
  title = {Signal and {{Telegram}} Are Growing Rapidly in Countries with Corruption Problems},
  url = {https://thenextweb.com/apps/2018/01/23/signal-and-telegram-are-growing-rapidly-in-countries-with-corruption-problems/},
  journaltitle = {The Next Web},
  urldate = {2018-10-10},
  date = {2018-01-23T16:46:19+00:00},
  year = {2018},
  author = {Hughes, Matthew}
}
% == BibLateX quality report for signal:
% Unexpected field 'journaltitle'

@online{slack,
  langid = {american},
  title = {Slack {{About Us}}},
  url = {https://slack.com/about},
  journaltitle = {Slack},
  urldate = {2018-10-10},
  year = {2018},
  author = {Slack}
}
% == BibLateX quality report for slack:
% Unexpected field 'journaltitle'
% ? Title looks like it was stored in title-case in Zotero

@online{dropbox,
  langid = {english},
  title = {Dropbox | {{Company Info}}},
  url = {https://www.dropbox.com/news/company-info},
  urldate = {2018-10-10},
  year = {2018}
}
% == BibLateX quality report for dropbox:
% ? Title looks like it was stored in title-case in Zotero

@inproceedings{sutra_fast_2011,
  title = {Fast Genuine Generalized Consensus},
  booktitle = {Reliable {{Distributed Systems}} ({{SRDS}}), 2011 30th {{IEEE Symposium}} On},
  publisher = {{IEEE}},
  year = {2011},
  pages = {255--264},
  author = {Sutra, Pierre and Shapiro, Marc}
}
% == BibLateX quality report for sutra_fast_2011:
% ? Unsure about the formatting of the booktitle

@inproceedings{peluso_making_2016,
  title = {Making Fast Consensus Generally Faster},
  booktitle = {Dependable {{Systems}} and {{Networks}} ({{DSN}}), 2016 46th {{Annual IEEE}}/{{IFIP International Conference}} On},
  publisher = {{IEEE}},
  year = {2016},
  pages = {156--167},
  author = {Peluso, Sebastiano and Turcu, Alexandru and Palmieri, Roberto and Losa, Giuliano and Ravindran, Binoy}
}
% == BibLateX quality report for peluso_making_2016:
% ? Unsure about the formatting of the booktitle

@inproceedings{f4,
  title = {F4: {{Facebook}}'s Warm Blob Storage System},
  booktitle = {Proceedings of the 11th {{USENIX}} Conference on {{Operating Systems Design}} and {{Implementation}}},
  year = {2014},
  pages = {383-398},
  author = {Muralidhar, Subramanian and Lloyd, Wyatt and Roy, Sabyasachi and Hill, Cory and Lin, Ernest and Liu, Weiwen and Pan, Satadru and Shankar, Shiva and Sivakumar, Viswanath and Tang, Linpeng and others}
}
% == BibLateX quality report for f4:
% ? Unsure about the formatting of the booktitle

@inproceedings{sotis,
  title = {{{SOTIS}}-a Self-Organizing Traffic Information System},
  volume = {4},
  booktitle = {Vehicular {{Technology Conference}}, 2003. {{VTC}} 2003-{{Spring}}. {{The}} 57th {{IEEE Semiannual}}},
  year = {2003},
  pages = {2442-2446},
  author = {Wischoff, Lars and Ebner, Andr\'e and Rohling, Hermann and Lott, Matthias and Halfmann, R\"udiger}
}
% == BibLateX quality report for sotis:
% ? Unsure about the formatting of the booktitle

@inproceedings{sensor_networks,
  title = {Enabling Large-Scale Storage in Sensor Networks with the Coffee File System},
  booktitle = {Information {{Processing}} in {{Sensor Networks}}, 2009. {{IPSN}} 2009. {{International Conference}} On},
  year = {2009},
  pages = {349-360},
  author = {Tsiftes, Nicolas and Dunkels, Adam and He, Zhitao and Voigt, Thiemo}
}
% == BibLateX quality report for sensor_networks:
% ? Unsure about the formatting of the booktitle

@inproceedings{node_failure,
  title = {Quality-of-Service for Consistency of Data Geo-Replication in Cloud Computing},
  booktitle = {European {{Conference}} on {{Parallel Processing}}},
  year = {2012},
  pages = {285-297},
  author = {Esteves, S\'ergio and Silva, Joao and Veiga, Lu\'is}
}
% == BibLateX quality report for node_failure:
% ? Unsure about the formatting of the booktitle

@inproceedings{cloud_deployments,
  title = {Next Stop, the Cloud: {{Understanding}} Modern Web Service Deployment in Ec2 and Azure},
  booktitle = {Proceedings of the 2013 Conference on {{Internet}} Measurement Conference},
  year = {2013},
  pages = {177-190},
  author = {He, Keqiang and Fisher, Alexis and Wang, Liang and Gember, Aaron and Akella, Aditya and Ristenpart, Thomas}
}
% == BibLateX quality report for cloud_deployments:
% ? Unsure about the formatting of the booktitle

@article{jhawar_fault_2013,
  title = {Fault Tolerance Management in Cloud Computing: {{A}} System-Level Perspective},
  volume = {7},
  number = {2},
  journaltitle = {IEEE Systems Journal},
  year = {2013},
  pages = {288--297},
  author = {Jhawar, Ravi and Piuri, Vincenzo and Santambrogio, Marco}
}

@article{pushing_cap,
  title = {Pushing the Cap: {{Strategies}} for Consistency and Availability},
  volume = {45},
  number = {2},
  journaltitle = {Computer},
  year = {2012},
  pages = {23--29},
  author = {Brewer, Eric}
}

@article{cap_rules_change,
  title = {{{CAP}} Twelve Years Later: {{How}} the" Rules" Have Changed},
  volume = {45},
  number = {2},
  journaltitle = {Computer},
  year = {2012},
  pages = {23--29},
  author = {Brewer, Eric}
}

@inproceedings{pedersen_analysis_2018,
  location = {{New York, NY, USA}},
  title = {An {{Analysis}} of {{Quorum}}-Based {{Abstractions}}: {{A Case Study Using Gorums}} to {{Implement Raft}}},
  isbn = {978-1-4503-5775-3},
  doi = {10.1145/3231104.3231957},
  booktitle = {Proceedings of the 2018 {{Workshop}} on {{Advanced Tools}}, {{Programming Languages}}, and {{PLatforms}} for {{Implementing}} and {{Evaluating Algorithms}} for {{Distributed Systems}}},
  series = {ApPLIED '18},
  publisher = {{ACM}},
  year = {2018},
  pages = {29--35},
  keywords = {quorum systems,raft algorithm,state machine replication},
  author = {Pedersen, Sebastian and Meling, Hein and Jehl, Leander}
}

@inproceedings{zhao_sdpaxos_2018,
  location = {{New York, NY, USA}},
  title = {{{SDPaxos}}: {{Building Efficient Semi}}-{{Decentralized Geo}}-Replicated {{State Machines}}},
  isbn = {978-1-4503-6011-1},
  doi = {10.1145/3267809.3267837},
  booktitle = {Proceedings of the {{ACM Symposium}} on {{Cloud Computing}}},
  series = {SoCC '18},
  publisher = {{ACM}},
  year = {2018},
  pages = {68--81},
  keywords = {Contention,Geo-replication,Heterogeneity,Latency,Performance,State machine replication},
  author = {Zhao, Hanyu and Zhang, Quanlu and Yang, Zhi and Wu, Ming and Dai, Yafei}
}

@inproceedings{load_balancing,
  title = {Load Balancing Cloud Computing: State of Art},
  booktitle = {Network {{Security}} and {{Systems}} ({{JNS2}}), 2012 {{National Days}} Of},
  publisher = {{IEEE}},
  year = {2012},
  pages = {106--109},
  author = {Khiyaita, A. and El Bakkali, H. and Zbakh, M. and El Kettani, Dafir}
}
% == BibLateX quality report for load_balancing:
% ? Unsure about the formatting of the booktitle

@article{logbase,
  title = {{{LogBase}}: A Scalable Log-Structured Database System in the Cloud},
  volume = {5},
  number = {10},
  journaltitle = {Proceedings of the VLDB Endowment},
  year = {2012},
  pages = {1004--1015},
  author = {Vo, Hoang Tam and Wang, Sheng and Agrawal, Divyakant and Chen, Gang and Ooi, Beng Chin}
}

@article{hdfs,
  title = {{{HDFS}} Architecture Guide},
  volume = {53},
  journaltitle = {Hadoop Apache Project},
  year = {2008},
  pages = {1--13},
  author = {Borthakur, Dhruba}
}

@article{colossus,
  title = {Storage Architecture and Challenges},
  journaltitle = {Talk at the Google Faculty Summit},
  year = {2010},
  author = {Fikes, Andrew}
}

@article{raid,
  title = {Redundant Disk Arrays: {{Reliable}}, Parallel Secondary Storage},
  year = {1992},
  author = {Gibson, Garth Alan}
}
% == BibLateX quality report for raid:
% Missing required field 'journaltitle'

@incollection{ambari,
  title = {Apache Ambari},
  booktitle = {Pro {{Apache Hadoop}}},
  publisher = {{Springer}},
  year = {2014},
  pages = {399--401},
  author = {Wadkar, Sameer and Siddalingaiah, Madhu}
}
% == BibLateX quality report for ambari:
% Missing required field 'editor'

@inproceedings{fruitchains,
  title = {Fruitchains: {{A}} Fair Blockchain},
  booktitle = {Proceedings of the {{ACM Symposium}} on {{Principles}} of {{Distributed Computing}}},
  publisher = {{ACM}},
  year = {2017},
  pages = {315--324},
  author = {Pass, Rafael and Shi, Elaine}
}

@inproceedings{paxos_systems_builders,
  title = {Paxos for System Builders: {{An}} Overview},
  booktitle = {Proceedings of the 2nd {{Workshop}} on {{Large}}-{{Scale Distributed Systems}} and {{Middleware}}},
  publisher = {{ACM}},
  year = {2008},
  pages = {3},
  author = {Kirsch, Jonathan and Amir, Yair}
}

@inproceedings{correctness,
  title = {Hierarchical Correctness Proofs for Distributed Algorithms},
  booktitle = {Proceedings of the Sixth Annual {{ACM Symposium}} on {{Principles}} of Distributed Computing},
  publisher = {{ACM}},
  year = {1987},
  pages = {137--151},
  author = {Lynch, Nancy A. and Tuttle, Mark R.}
}

@article{fog,
  title = {Finding Your Way in the Fog: {{Towards}} a Comprehensive Definition of Fog Computing},
  volume = {44},
  number = {5},
  journaltitle = {ACM SIGCOMM Computer Communication Review},
  year = {2014},
  pages = {27--32},
  author = {Vaquero, Luis M. and Rodero-Merino, Luis}
}

@inproceedings{fog_iot,
  title = {Fog Computing and Its Role in the Internet of Things},
  booktitle = {Proceedings of the First Edition of the {{MCC}} Workshop on {{Mobile}} Cloud Computing},
  publisher = {{ACM}},
  year = {2012},
  pages = {13--16},
  author = {Bonomi, Flavio and Milito, Rodolfo and Zhu, Jiang and Addepalli, Sateesh}
}
% == BibLateX quality report for fog_iot:
% ? Unsure about the formatting of the booktitle

@article{fog_mobile,
  title = {Fog Computing: {{Focusing}} on Mobile Users at the Edge},
  journaltitle = {arXiv preprint arXiv:1502.01815},
  year = {2015},
  author = {Luan, Tom H. and Gao, Longxiang and Li, Zhi and Xiang, Yang and Wei, Guiyi and Sun, Limin}
}
% == BibLateX quality report for fog_mobile:
% ? Possibly abbreviated journal title arXiv preprint arXiv:1502.01815

@inproceedings{sensor_coordination,
  title = {Next Century Challenges: {{Scalable}} Coordination in Sensor Networks},
  booktitle = {Proceedings of the 5th Annual {{ACM}}/{{IEEE}} International Conference on {{Mobile}} Computing and Networking},
  publisher = {{ACM}},
  year = {1999},
  pages = {263--270},
  author = {Estrin, Deborah and Govindan, Ramesh and Heidemann, John and Kumar, Satish}
}
% == BibLateX quality report for sensor_coordination:
% ? Unsure about the formatting of the booktitle

@article{prefix_trie,
  title = {Fast and Accurate Short Read Alignment with {{Burrows}}\textendash{{Wheeler}} Transform},
  volume = {25},
  number = {14},
  journaltitle = {bioinformatics},
  year = {2009},
  pages = {1754--1760},
  author = {Li, Heng and Durbin, Richard}
}

@article{golang,
  title = {The {{Go}} Programming Language},
  journaltitle = {The Go Programming Language},
  year = {2009},
  author = {Griesemer, Robert and Pike, Rob and Thompson, Ken}
}

@inproceedings{rsa,
  title = {Implementing the {{Rivest Shamir}} and {{Adleman}} Public Key Encryption Algorithm on a Standard Digital Signal Processor},
  booktitle = {Conference on the {{Theory}} and {{Application}} of {{Cryptographic Techniques}}},
  publisher = {{Springer}},
  year = {1986},
  pages = {311--323},
  author = {Barrett, Paul}
}
% == BibLateX quality report for rsa:
% ? Unsure about the formatting of the booktitle

@inproceedings{tls_authentication,
  title = {Security {{Challenges}} in {{Cloud Computing}}.},
  booktitle = {Security and {{Management}}},
  year = {2010},
  pages = {36--42},
  author = {Ertaul, Levent and Singhal, Sarika and Saldamli, G\"okay}
}
% == BibLateX quality report for tls_authentication:
% ? Unsure about the formatting of the booktitle
% ? Title looks like it was stored in title-case in Zotero

@article{csp,
  title = {Communicating Sequential Processes},
  volume = {21},
  number = {8},
  journaltitle = {Communications of the ACM},
  year = {1978},
  pages = {666--677},
  author = {Hoare, Charles Antony Richard}
}

@online{grpc,
  langid = {english},
  title = {Grpc / Grpc.Io},
  url = {https://grpc.io/},
  urldate = {2018-10-22}
}
% == BibLateX quality report for grpc:
% Exactly one of 'date' / 'year' must be present

@online{protocol_buffers,
  title = {Protocol {{Buffers}}: {{Google}}'s {{Data Interchange Format}}},
  url = {https://developers.google.com/protocol-buffers/},
  year = {2011}
}
% == BibLateX quality report for protocol_buffers:
% ? Title looks like it was stored in title-case in Zotero

@software{alia_raft,
  title = {Raft},
  url = {https://github.com/bbengfort/raft},
  version = {0.5},
  urldate = {2018-10-22},
  date = {2018-09-26T20:19:20Z},
  year = {2018},
  author = {Bengfort, Benjamin},
  origdate = {2018-06-20T13:58:30Z}
}
% == BibLateX quality report for alia_raft:
% Unexpected field 'title'
% Unexpected field 'version'
% Unexpected field 'author'

@software{alia,
  title = {Alia},
  url = {https://github.com/bbengfort/alia},
  version = {1.0},
  urldate = {2018-10-22},
  date = {2018-10-21},
  year = {2018},
  author = {Bengfort, Benjamin}
}
% == BibLateX quality report for alia:
% Unexpected field 'title'
% Unexpected field 'version'
% Unexpected field 'author'

@software{honu,
  title = {Honu},
  url = {https://github.com/bbengfort/honu},
  urldate = {2018-10-22},
  date = {2018-06-26T14:42:07Z},
  year = {2018},
  author = {Bengfort, Benjamin},
  origdate = {2017-04-21T19:55:05Z}
}
% == BibLateX quality report for honu:
% Unexpected field 'title'
% Unexpected field 'author'

@software{leveldb,
  title = {{{LevelDB}}, {{A}} Fast and Lightweight Key/Value Database Library by {{Google}}},
  year = {2014},
  author = {Ghemawat, Sanjay and Dean, Jeff}
}
% == BibLateX quality report for leveldb:
% Unexpected field 'title'
% Unexpected field 'author'

@software{badgerdb,
  title = {{{BadgerDB}}: {{Fast}} Key-Value {{DB}} in {{Go}}.},
  url = {https://github.com/dgraph-io/badger},
  organization = {{Dgraph}},
  urldate = {2018-10-22},
  date = {2018-10-22T15:01:02Z},
  year = {2018},
  origdate = {2017-01-26T05:09:49Z}
}
% == BibLateX quality report for badgerdb:
% Unexpected field 'title'
% Unexpected field 'organization'

@article{btrfs,
  title = {{{BTRFS}}: {{The Linux B}}-Tree Filesystem},
  volume = {9},
  number = {3},
  journaltitle = {ACM Transactions on Storage (TOS)},
  year = {2013},
  pages = {9},
  author = {Rodeh, Ohad and Bacik, Josef and Mason, Chris}
}

@inproceedings{pond,
  title = {Pond: {{The OceanStore Prototype}}.},
  volume = {3},
  booktitle = {{{FAST}}},
  year = {2003},
  pages = {1--14},
  author = {Rhea, Sean C. and Eaton, Patrick R. and Geels, Dennis and Weatherspoon, Hakim and Zhao, Ben Y. and Kubiatowicz, John}
}
% == BibLateX quality report for pond:
% ? Unsure about the formatting of the booktitle
% ? Title looks like it was stored in title-case in Zotero

@article{planetlab,
  title = {The Design Principles of {{PlanetLab}}},
  volume = {40},
  number = {1},
  journaltitle = {ACM SIGOPS operating systems review},
  year = {2006},
  pages = {11--16},
  author = {Peterson, Larry and Roscoe, Timothy}
}

@article{farsite,
  title = {{{FARSITE}}: {{Federated}}, Available, and Reliable Storage for an Incompletely Trusted Environment},
  volume = {36},
  issue = {SI},
  journaltitle = {ACM SIGOPS Operating Systems Review},
  year = {2002},
  pages = {1--14},
  author = {Adya, Atul and Bolosky, William J. and Castro, Miguel and Cermak, Gerald and Chaiken, Ronnie and Douceur, John R. and Howell, Jon and Lorch, Jacob R. and Theimer, Marvin and Wattenhofer, Roger P.}
}

@inproceedings{giga+,
  title = {Giga+: Scalable Directories for Shared File Systems},
  booktitle = {Proceedings of the 2nd International Workshop on {{Petascale}} Data Storage: Held in Conjunction with {{Supercomputing}}'07},
  publisher = {{ACM}},
  year = {2007},
  pages = {26--29},
  author = {Patil, Swapnil V. and Gibson, Garth A. and Lang, Sam and Polte, Milo}
}
% == BibLateX quality report for giga+:
% ? Unsure about the formatting of the booktitle

@inproceedings{indexfs,
  title = {{{IndexFS}}: {{Scaling}} File System Metadata Performance with Stateless Caching and Bulk Insertion},
  booktitle = {Proceedings of the {{International Conference}} for {{High Performance Computing}}, {{Networking}}, {{Storage}} and {{Analysis}}},
  publisher = {{IEEE Press}},
  year = {2014},
  pages = {237--248},
  author = {Ren, Kai and Zheng, Qing and Patil, Swapnil and Gibson, Garth}
}

@inproceedings{giga+_scale,
  title = {Scale and {{Concurrency}} of {{GIGA}}+: {{File System Directories}} with {{Millions}} of {{Files}}.},
  volume = {11},
  booktitle = {{{FAST}}},
  year = {2011},
  pages = {13--13},
  author = {Patil, Swapnil and Gibson, Garth A.}
}
% == BibLateX quality report for giga+_scale:
% ? Unsure about the formatting of the booktitle
% ? Title looks like it was stored in title-case in Zotero

@article{mettu_online_2003,
  title = {The Online Median Problem},
  volume = {32},
  number = {3},
  journaltitle = {SIAM Journal on Computing},
  year = {2003},
  pages = {816--832},
  author = {Mettu, Ramgopal R. and Plaxton, C. Greg}
}
