
@article{lamport_paxos_2001,
	title = {Paxos made simple},
	volume = {32},
	url = {http://www.cs.utexas.edu/users/lorenzo/corsi/cs380d/past/03F/notes/paxos-simple.pdf},
	number = {4},
	urldate = {2014-11-03},
	journal = {ACM Sigact News},
	author = {Lamport, Leslie},
	year = {2001},
	pages = {18--25},
	file = {paxosMadeSimple.pdf:/Users/benjamin/Library/Application Support/Zotero/Profiles/i8zmk51x.default/zotero/storage/W6A4KIAI/paxosMadeSimple.pdf:application/pdf}
}

@article{ongaro_search_2013,
	title = {In search of an understandable consensus algorithm},
	volume = {7},
	url = {http://bestfuturepractice.org/mirror/https/ramcloud.stanford.edu/wiki/download/attachments/11370504/raft.pdf},
	urldate = {2014-11-06},
	journal = {Draft of October},
	author = {Ongaro, Diego and Ousterhout, John},
	year = {2013},
	file = {raft.pdf:/Users/benjamin/Library/Application Support/Zotero/Profiles/i8zmk51x.default/zotero/storage/WFQ5VNT6/raft.pdf:application/pdf}
}

@inproceedings{chandra_paxos_2007,
	title = {Paxos made live: an engineering perspective},
	shorttitle = {Paxos made live},
	url = {http://dl.acm.org/citation.cfm?id=1281103},
	urldate = {2014-11-03},
	booktitle = {Proceedings of the twenty-sixth annual {ACM} symposium on {Principles} of distributed computing},
	publisher = {ACM},
	author = {Chandra, Tushar D. and Griesemer, Robert and Redstone, Joshua},
	year = {2007},
	pages = {398--407},
	file = {paxosMadeLive.pdf:/Users/benjamin/Library/Application Support/Zotero/Profiles/i8zmk51x.default/zotero/storage/VXVIGPGK/paxosMadeLive.pdf:application/pdf;Snapshot:/Users/benjamin/Library/Application Support/Zotero/Profiles/i8zmk51x.default/zotero/storage/GHN8T7NI/citation.html:text/html}
}

@inproceedings{lloyd_dont_2011,
	title = {Don't settle for eventual: scalable causal consistency for wide-area storage with {COPS}},
	shorttitle = {Don't settle for eventual},
	url = {http://dl.acm.org/citation.cfm?id=2043593},
	urldate = {2014-11-06},
	booktitle = {Proceedings of the {Twenty}-{Third} {ACM} {Symposium} on {Operating} {Systems} {Principles}},
	publisher = {ACM},
	author = {Lloyd, Wyatt and Freedman, Michael J. and Kaminsky, Michael and Andersen, David G.},
	year = {2011},
	pages = {401--416},
	file = {cops-sosp11.pdf:/Users/benjamin/Library/Application Support/Zotero/Profiles/i8zmk51x.default/zotero/storage/MFVZE5AA/cops-sosp11.pdf:application/pdf;Snapshot:/Users/benjamin/Library/Application Support/Zotero/Profiles/i8zmk51x.default/zotero/storage/P352X5A8/citation.html:text/html}
}

@article{liu_warranties_2014,
	title = {Warranties for faster strong consistency},
	url = {https://www.usenix.org/system/files/conference/nsdi14/nsdi14-paper-liu_jed.pdf},
	urldate = {2016-01-08},
	journal = {Proc. of the 11th USENIX NSDI},
	author = {Liu, Jed and Magrino, Tom and Arden, Owen and George, Michael D. and Myers, Andrew C.},
	year = {2014},
	file = {[PDF] from usenix.org:/Users/benjamin/Library/Application Support/Zotero/Profiles/i8zmk51x.default/zotero/storage/5JPQE3ZA/Liu et al. - 2014 - Warranties for faster strong consistency.pdf:application/pdf}
}