@article{lampson1973note,
  title={A note on the confinement problem},
  author={Lampson, Butler W},
  journal={Communications of the ACM},
  volume={16},
  number={10},
  pages={613--615},
  year={1973},
  publisher={ACM}
}

@article{sabelfeld2003language,
  title={Language-based information-flow security},
  author={Sabelfeld, Andrei and Myers, Andrew C},
  journal={Selected Areas in Communications, IEEE Journal on},
  volume={21},
  number={1},
  pages={5--19},
  year={2003},
  publisher={IEEE}
}

@article{denning1976lattice,
  title={A lattice model of secure information flow},
  author={Denning, Dorothy E},
  journal={Communications of the ACM},
  volume={19},
  number={5},
  pages={236--243},
  year={1976},
  publisher={ACM}
}

@article{austin2012multiple,
  title={Multiple facets for dynamic information flow},
  author={Austin, Thomas H and Flanagan, Cormac},
  journal={ACM SIGPLAN Notices},
  volume={47},
  number={1},
  pages={165--178},
  year={2012},
  publisher={ACM}
}

@article{austin2009efficient,
  title={Efficient purely-dynamic information flow analysis},
  author={Austin, Thomas H and Flanagan, Cormac},
  journal={ACM Sigplan Notices},
  volume={44},
  number={8},
  pages={20--31},
  year={2009},
  publisher={ACM}
}

@inproceedings{zdancewic2004challenges,
  title={Challenges for information-flow security},
  author={Zdancewic, Steve},
  booktitle={Proceedings of the 1st International Workshop on the Programming Language Interference and Dependence (PLID’04)},
  year={2004}
}

@incollection{askarov2008termination,
  title={Termination-insensitive noninterference leaks more than just a bit},
  author={Askarov, Aslan and Hunt, Sebastian and Sabelfeld, Andrei and Sands, David},
  booktitle={Computer Security-ESORICS 2008},
  pages={333--348},
  year={2008},
  publisher={Springer}
}

@inproceedings{volpano1997eliminating,
  title={Eliminating covert flows with minimum typings},
  author={Volpano, Dennis and Smith, Geoffrey},
  booktitle={Computer Security Foundations Workshop, 1997. Proceedings., 10th},
  pages={156--168},
  year={1997},
  organization={IEEE}
}

@misc{ wiki:informationflow,
  author = "Wikipedia",
  title = "Information flow (information theory) --- {W}ikipedia{,} The Free Encyclopedia",
  year = "2015",
  url = "https://en.wikipedia.org/wiki/Information_flow_(information_theory)",
  note = "[Online; accessed 13-December-2015]"
}

@phdthesis{zdancewic2002programming,
  title={Programming languages for information security},
  author={Zdancewic, Stephan Arthur},
  year={2002},
  school={Cornell University}
}

@inproceedings{austin2010permissive,
  title={Permissive dynamic information flow analysis},
  author={Austin, Thomas H and Flanagan, Cormac},
  booktitle={Proceedings of the 5th ACM SIGPLAN Workshop on Programming Languages and Analysis for Security},
  pages={3},
  year={2010},
  organization={ACM}
}

@inproceedings{capizzi2008preventing,
  title={Preventing information leaks through shadow executions},
  author={Capizzi, Roberto and Longo, Antonio and Venkatakrishnan, VN and others},
  booktitle={Computer Security Applications Conference, 2008. ACSAC 2008. Annual},
  pages={322--331},
  year={2008},
  organization={IEEE}
}

@inproceedings{devriese2010noninterference,
  title={Noninterference through secure multi-execution},
  author={Devriese, Dominique and Piessens, Frank},
  booktitle={Security and Privacy (SP), 2010 IEEE Symposium on},
  pages={109--124},
  year={2010},
  organization={IEEE}
}

@inproceedings{kocher1999differential,
  title={Differential power analysis},
  author={Kocher, Paul and Jaffe, Joshua and Jun, Benjamin},
  booktitle={Advances in Cryptology—CRYPTO’99},
  pages={388--397},
  year={1999},
  organization={Springer}
}

@article{yarom2013flush,
  title={Flush+ Reload: a High Resolution, Low Noise, L3 Cache Side-Channel Attack.},
  author={Yarom, Yuval and Falkner, Katrina E},
  journal={IACR Cryptology ePrint Archive},
  volume={2013},
  pages={448},
  year={2013}

@article{barthe2006preventing,
  title={Preventing timing leaks through transactional branching instructions},
  author={Barthe, Gilles and Rezk, Tamara and Warnier, Martijn},
  journal={Electronic Notes in Theoretical Computer Science},
  volume={153},
  number={2},
  pages={33--55},
  year={2006},
  publisher={Elsevier}
}

@inproceedings{kashyap2011timing,
  title={Timing-and termination-sensitive secure information flow: Exploring a new approach},
  author={Kashyap, Vineeth and Wiedermann, Ben and Hardekopf, Ben},
  booktitle={Security and Privacy (SP), 2011 IEEE Symposium on},
  pages={413--428},
  year={2011},
  organization={IEEE}
}

@inproceedings{agat2000transforming,
  title={Transforming out timing leaks},
  author={Agat, Johan},
  booktitle={Proceedings of the 27th ACM SIGPLAN-SIGACT symposium on Principles of programming languages},
  pages={40--53},
  year={2000},
  organization={ACM}
}

@incollection{giacobazzi2005timed,
  title={Timed abstract non-interference},
  author={Giacobazzi, Roberto and Mastroeni, Isabella},
  booktitle={Formal Modeling and Analysis of Timed Systems},
  pages={289--303},
  year={2005},
  publisher={Springer}
}

@article{giacobazzi2004abstract,
  title={Abstract non-interference: Parameterizing non-interference by abstract interpretation},
  author={Giacobazzi, Roberto and Mastroeni, Isabella},
  journal={ACM SIGPLAN Notices},
  volume={39},
  number={1},
  pages={186--197},
  year={2004},
  publisher={ACM}
}
