
@article{2016arXiv160803569M,
  title = {Interactive {{Exploration}} of the {{Employment Situation Report}}: {{From Fixed Tables}} to {{Dynamic Discovery}}},
  author = {Mancini, P. and Bengfort, B. and Shneiderman, B.},
  date = {2016-08},
  journaltitle = {ArXiv e-prints},
  url = {https://arxiv.org/abs/1608.03569},
  adsnote = {Provided by the SAO/NASA Astrophysics Data System},
  adsurl = {http://adsabs.harvard.edu/abs/2016arXiv160803569M},
  archiveprefix = {arXiv},
  keywords = {-,Computer,Human-Computer,Interaction,Science},
  primaryclass = {cs.HC}
}
% == BibLateX quality report for 2016arXiv160803569M:
% Unexpected field 'adsnote'
% Unexpected field 'adsurl'
% Unexpected field 'archiveprefix'
% Unexpected field 'primaryclass'
% ? Title looks like it was stored in title-case in Zotero

@inproceedings{bengfort_anti-entropy_2018,
  title = {Anti-{{Entropy Bandits}} for {{Geo}}-{{Replicated Consistency}}},
  booktitle = {Proceedings of the 38th {{International Conference}} on {{Distributed Computing Systems}} ({{ICDCS}})},
  author = {Bengfort, Benjamin and Xirogiannopoulos, Konstantinos and Keleher, Pete},
  date = {2018-07-05},
  publisher = {{IEEE Computer Society Press}},
  location = {{Vienna, Austria}},
  eventtitle = {{{ICDCS}} 2018}
}
% == BibLateX quality report for bengfort_anti-entropy_2018:
% ? Title looks like it was stored in title-case in Zotero

@book{bengfort_applied_2017,
  title = {Applied {{Text Analysis}} with {{Python}}: {{Enabling Language Aware Data Products}} with {{Machine Learning}}},
  author = {Bengfort, Benjamin and Bilbro, Rebecca and Ojeda, Tony},
  date = {2017-08},
  publisher = {{O'Reilly Media, Inc.}},
  url = {http://shop.oreilly.com/product/0636920052555.do},
  urldate = {2017-01-04},
  isbn = {978-1-4919-6304-3},
  langid = {english},
  pagetotal = {250}
}
% == BibLateX quality report for bengfort_applied_2017:
% ? Title looks like it was stored in title-case in Zotero

@unpublished{bengfort_architecture_2016,
  title = {An {{Architecture}} for {{Machine Learning}} in {{Django}}: {{Web Applications}} That {{Learn}} by {{Example}}},
  author = {Bengfort, Benjamin and Bilbro, Rebecca},
  date = {2016-06-01},
  eventtitle = {{{PyCon}} 2016 {{Poster Session}}},
  langid = {english},
  type = {Poster},
  venue = {{Portland, Oregon}}
}

@software{bengfort_baleen_2016,
  title = {Baleen {{Corpus}}},
  author = {Bengfort, Benjamin and Ojeda, Tony},
  date = {2016-04-18},
  url = {https://github.com/bbengfort/baleen},
  organization = {{District Data Labs}},
  version = {0.3.3}
}
% == BibLateX quality report for bengfort_baleen_2016:
% Unexpected field 'title'
% Unexpected field 'author'
% Unexpected field 'organization'
% Unexpected field 'version'
% ? Title looks like it was stored in title-case in Zotero

@unpublished{bengfort_data_2016,
  title = {Data {{Product Architectures}}: {{Seattle Data Day}}},
  author = {Bengfort, Benjamin},
  date = {2016-07-21},
  url = {http://www.meetup.com/seattle-data-geeks/events/230377963/},
  eventtitle = {Seattle {{Data Geeks Meetup}}},
  type = {Talk},
  venue = {{Seattle, Washington}}
}
% == BibLateX quality report for bengfort_data_2016:
% ? Title looks like it was stored in title-case in Zotero

@book{bengfort_data_2016-1,
  title = {Data {{Analytics}} with {{Hadoop}}: {{An Introduction}} for {{Data Scientists}}},
  author = {Bengfort, Benjamin and Kim, Jenny},
  date = {2016-05},
  publisher = {{O'Reilly Media, Inc.}},
  url = {http://shop.oreilly.com/product/0636920035275.do},
  isbn = {978-1-4919-1370-3},
  langid = {english},
  pagetotal = {268}
}
% == BibLateX quality report for bengfort_data_2016-1:
% ? Title looks like it was stored in title-case in Zotero

@unpublished{bengfort_data_2016-2,
  title = {Data {{Product Architectures}}: {{O}}'{{Reilly Webinar}}},
  author = {Bengfort, Benjamin},
  date = {2016-12-07},
  url = {http://www.oreilly.com/pub/e/3800},
  urldate = {2017-01-04},
  eventtitle = {O'{{Reilly Media Free}}, {{Live Events}}},
  langid = {english},
  type = {Webinar}
}
% == BibLateX quality report for bengfort_data_2016-2:
% ? Title looks like it was stored in title-case in Zotero

@unpublished{bengfort_dynamics_2016,
  title = {Dynamics in {{Graph Analysis}}: {{Adding Time}} as a {{Structure}} for {{Visual}} and {{Statistical Insight}}: {{PyData DC}}},
  author = {Bengfort, Benjamin},
  date = {2016-10-09},
  url = {http://pydata.org/dc2016/schedule/presentation/36/},
  urldate = {2017-01-04},
  eventtitle = {{{PyData DC}} 2016},
  venue = {{Washington D.C.}}
}
% == BibLateX quality report for bengfort_dynamics_2016:
% ? Title looks like it was stored in title-case in Zotero

@unpublished{bengfort_dynamics_2016-1,
  title = {Dynamics in {{Graph Analysis}}: {{Adding Time}} as a {{Structure}} for {{Visual}} and {{Statistical Insight}}: {{PyData Carolinas}}},
  author = {Bengfort, Benjamin},
  date = {2016-09-15},
  url = {http://pydata.org/carolinas2016/schedule/presentation/39/},
  urldate = {2017-01-04},
  eventtitle = {{{PyData Carolinas}} 2016},
  venue = {{Raleigh, NC}}
}
% == BibLateX quality report for bengfort_dynamics_2016-1:
% ? Title looks like it was stored in title-case in Zotero

@inproceedings{bengfort_efficient_2011,
  title = {Efficient Resource Allocation in {{Hybrid Wireless Networks}}},
  booktitle = {Wireless {{Communications}} and {{Networking Conference}} ({{WCNC}}), 2011 {{IEEE}}},
  author = {Bengfort, Benjamin and Du, Xiaojiang},
  date = {2011},
  pages = {820--825},
  publisher = {{IEEE}},
  url = {http://ieeexplore.ieee.org/xpls/abs_all.jsp?arnumber=5779238},
  urldate = {2015-02-03}
}
% == BibLateX quality report for bengfort_efficient_2011:
% ? Unsure about the formatting of the booktitle

@inproceedings{bengfort_evolutionary_2014,
  title = {Evolutionary Design of Self-Organizing Particle Systems for Collective Problem Solving},
  booktitle = {Swarm {{Intelligence}} ({{SIS}}), 2014 {{IEEE Symposium}} On},
  author = {Bengfort, Benjamin and Kim, Philip Y. and Harrison, Kevin and Reggia, James A.},
  date = {2014-12},
  pages = {1--8},
  publisher = {{IEEE}},
  doi = {10.1109/SIS.2014.7011790},
  keywords = {Computational modeling,Evolutionary computation,Genetics,Problem-solving,Sociology,Statistics,Vectors}
}
% == BibLateX quality report for bengfort_evolutionary_2014:
% ? Unsure about the formatting of the booktitle

@unpublished{bengfort_evolutionary_2016,
  title = {Evolutionary {{Design}} of {{Particle Swarms}}: {{Science}} with {{Python}}, {{Celery}}, and {{PyGame}}},
  author = {Bengfort, Benjamin},
  date = {2016-06-01},
  eventtitle = {{{PyCon}} 2016 {{Poster Session}}},
  langid = {english},
  type = {Poster},
  venue = {{Portland, Oregon}}
}
% == BibLateX quality report for bengfort_evolutionary_2016:
% ? Title looks like it was stored in title-case in Zotero

@video{bengfort_hadoop_2015,
  title = {Hadoop {{Fundamentals}} for {{Data Scientists}}},
  date = {2015-01},
  publisher = {{O'Reilly Media}},
  url = {http://shop.oreilly.com/product/0636920035183.do},
  editora = {Bengfort, Benjamin and Kim, Jenny},
  editoratype = {collaborator}
}
% == BibLateX quality report for bengfort_hadoop_2015:
% Unexpected field 'title'
% Unexpected field 'publisher'
% Unexpected field 'editora'
% Unexpected field 'editoratype'
% ? Title looks like it was stored in title-case in Zotero

@unpublished{bengfort_hour_2017,
  title = {On the {{Hour Data Ingestion}} from the {{Web}} to a {{Mongo Database}}},
  author = {Bengfort, Benjamin and Voorhees, Will and Bilbro, Rebecca and Ojeda, Tony},
  date = {2017-05-21},
  url = {https://us.pycon.org/2017/schedule/presentation/324/},
  eventtitle = {{{PyCon}} 2017 {{Poster Session}}},
  type = {Poster},
  venue = {{Portland, Oregon}}
}
% == BibLateX quality report for bengfort_hour_2017:
% ? Title looks like it was stored in title-case in Zotero

@inproceedings{bengfort_interactive_2015,
  title = {Interactive {{Knowledge}}-{{Goal Reasoning}}},
  booktitle = {Goal {{Reasoning}}: {{Papers}} from the {{ACS Workshop}}},
  author = {Bengfort, Benjamin and Cox, Michael T.},
  date = {2015},
  pages = {10},
  url = {https://smartech.gatech.edu/bitstream/handle/1853/53646/Technical%20Report%20GT-IRIM-CR-2015-001.pdf#page=13},
  urldate = {2015-08-25}
}
% == BibLateX quality report for bengfort_interactive_2015:
% ? Title looks like it was stored in title-case in Zotero

@unpublished{bengfort_model_2017,
  title = {Model {{Management Systems}}: {{Scikit}}-{{Learn}} and {{Django}}},
  author = {Bengfort, Benjamin and Lorenz, Laura and Bilbro, Rebecca},
  date = {2017-05-21},
  url = {https://us.pycon.org/2017/schedule/presentation/318/},
  eventtitle = {{{PyCon}} 2017},
  type = {Poster},
  venue = {{Portland, Oregon}}
}
% == BibLateX quality report for bengfort_model_2017:
% ? Title looks like it was stored in title-case in Zotero

@inproceedings{bengfort_monitors_2019,
  title = {Who {{Monitors}} the {{Monitors}}? {{Automated}}, {{Hierarchical Data Quality Assessment}} for {{Time Synchronized Measurements}}},
  author = {Bengfort, Benjamin and Murphy, Sean Patrick and Andersen, Michael and Jones, Kevin D.},
  date = {2019},
  publisher = {{CIGRE US National Committee}},
  location = {{Richmond, VA}},
  eventtitle = {2019 {{Grid}} of the {{Future Symposium}}}
}
% == BibLateX quality report for bengfort_monitors_2019:
% Missing required field 'booktitle'
% ? Title looks like it was stored in title-case in Zotero

@unpublished{bengfort_natural_2013,
  title = {Natural {{Language Processing}} of {{Big Data}} Using {{NLTK}} and {{Hadoop Streaming}}},
  author = {Bengfort, Benjamin},
  date = {2013-04-23},
  url = {http://www.meetup.com/Data-Science-DC/events/109386702/},
  eventtitle = {Data {{Science DC}}: {{Big Data Week}}},
  type = {Talk},
  venue = {{George Washington University, Washington DC}}
}

@video{bengfort_natural_2013-1,
  title = {Natural {{Language Processing}} and {{Hadoop}}},
  editor = {O'Reilly Media},
  date = {2013-11-02},
  publisher = {{Strata Conference + Hadoop World}},
  location = {{New York, NY, USA}},
  url = {https://youtu.be/2642kr9-cB0},
  editora = {Bengfort, Benjamin and Hendrickson, Mike and Murphy, Sean Patrick},
  editoratype = {collaborator},
  editortype = {director}
}
% == BibLateX quality report for bengfort_natural_2013-1:
% Unexpected field 'title'
% Unexpected field 'editor'
% Unexpected field 'publisher'
% Unexpected field 'location'
% Unexpected field 'editora'
% Unexpected field 'editoratype'
% Unexpected field 'editortype'
% ? Title looks like it was stored in title-case in Zotero

@unpublished{bengfort_natural_2016,
  title = {Natural {{Language Processing}} with {{NLTK}} and {{Gensim}}},
  author = {Bengfort, Benjamin},
  date = {2016-05-29},
  url = {https://us.pycon.org/2016/schedule/presentation/1597/},
  editora = {Lorenz, Laura and Bilbro, Rebecca and Voorhees, Will},
  editoratype = {collaborator},
  eventtitle = {{{PyCon}} 2016},
  langid = {english},
  type = {Tutorial},
  venue = {{Portland, Oregon}}
}
% == BibLateX quality report for bengfort_natural_2016:
% Unexpected field 'editora'
% Unexpected field 'editoratype'
% ? Title looks like it was stored in title-case in Zotero

@inproceedings{bengfort_strong_,
  title = {Strong {{Consistency}} in a {{Geo}}-{{Replicated File System}}},
  author = {Bengfort, Benjamin and Keleher, Pete},
  eventtitle = {{{NSDI}} 2018}
}
% == BibLateX quality report for bengfort_strong_:
% Exactly one of 'date' / 'year' must be present
% Missing required field 'booktitle'
% ? Title looks like it was stored in title-case in Zotero

@report{bengfort_survey_2012,
  title = {A {{Survey}} of {{Stochastic}} and {{Gazetteer Based Approaches}} for {{Named Entity Recognition}}},
  author = {Bengfort, Benjamin},
  date = {2012-11-26},
  institution = {{University of Maryland Baltimore County}}
}
% == BibLateX quality report for bengfort_survey_2012:
% Missing required field 'type'
% ? Title looks like it was stored in title-case in Zotero

@unpublished{bengfort_teaching_2013,
  title = {Teaching the {{Elephant}} to {{Read}}: {{Hadoop}}, {{Python}}, and {{NLP}}},
  author = {Bengfort, Benjamin and Murphy, Sean Patrick},
  date = {2013-10-28},
  url = {http://strataconf.com/stratany2013/public/schedule/detail/30806},
  eventtitle = {Strata {{Conference}} + {{Hadoop World}}},
  type = {Tutorial},
  venue = {{New York, NY, USA}}
}
% == BibLateX quality report for bengfort_teaching_2013:
% ? Title looks like it was stored in title-case in Zotero

@inproceedings{bengfort_there_2018,
  title = {There {{Is More Consensus}} in the {{Hierarchy}}},
  booktitle = {Proceedings of the 13th {{USENIX Symposium}} on {{Operating Systems Design}} and {{Implementation}}},
  author = {Bengfort, Benjamin and Keleher, Pete},
  date = {2018-10-08},
  location = {{Carlsbad, CA}},
  eventtitle = {{{OSDI}} 2018}
}
% == BibLateX quality report for bengfort_there_2018:
% ? Title looks like it was stored in title-case in Zotero

@video{bengfort_unbound_2012,
  title = {Unbound {{Concepts}}: {{Columbia TechBreakfast Dec}}. 2012},
  editor = {Schmelzer, Ron},
  date = {2012-12-12},
  publisher = {{Open Range Video}},
  location = {{ColumbiaTech Breakfast}},
  url = {https://youtu.be/N-Bi_MwvZiY},
  editora = {Bengfort, Benjamin},
  editoratype = {collaborator},
  editortype = {director}
}
% == BibLateX quality report for bengfort_unbound_2012:
% Unexpected field 'title'
% Unexpected field 'editor'
% Unexpected field 'publisher'
% Unexpected field 'location'
% Unexpected field 'editora'
% Unexpected field 'editoratype'
% Unexpected field 'editortype'
% ? Title looks like it was stored in title-case in Zotero

@inproceedings{bengfort_visual_,
  title = {Visual {{Steering}} of the {{Model Selection Process}}},
  author = {Bengfort, Benjamin and Bilbro, Rebecca}
}
% == BibLateX quality report for bengfort_visual_:
% Exactly one of 'date' / 'year' must be present
% Missing required field 'booktitle'
% ? Title looks like it was stored in title-case in Zotero

@unpublished{bengfort_visual_2017,
  title = {Visual {{Pipelines}} for {{Text Analysis}}},
  author = {Bengfort, Benjamin},
  date = {2017-06-24},
  url = {http://data-intelligence.ai/presentations/13},
  eventtitle = {The {{Data Intelligence Conference}}},
  venue = {{Tyson's Corner, Virginia}}
}
% == BibLateX quality report for bengfort_visual_2017:
% ? Title looks like it was stored in title-case in Zotero

@unpublished{bengfort_visual_2019,
  title = {Visual {{Diagnostics}} for {{More Effective Machine Learning}}},
  author = {Bengfort, Benjamin},
  date = {2019-01-10},
  url = {https://pydata.org/miami2019/schedule/presentation/8/},
  eventtitle = {{{PyData Miami}} 2019},
  venue = {{CIC Miami Florida}}
}
% == BibLateX quality report for bengfort_visual_2019:
% ? Title looks like it was stored in title-case in Zotero

@unpublished{bengfort_visualizing_2016,
  title = {Visualizing the {{Model Selection Process}}},
  author = {Bengfort, Benjamin},
  date = {2016-07-23},
  url = {http://datadayseattle.com/sessions},
  eventtitle = {Data {{Day Seattle}} 2016},
  type = {Talk},
  venue = {{Seattle, Washington}}
}
% == BibLateX quality report for bengfort_visualizing_2016:
% ? Title looks like it was stored in title-case in Zotero

@software{bengfort_yellowbrick_2018,
  title = {Yellowbrick},
  author = {Bengfort, Benjamin and Danielsen, Nathan and Bilbro, Rebecca and Gray, Larry and McIntyre, Kristen and Richardson, George and Miller, Taylor and Mayfield, Gary and Schafer, Phillip and Keung, Jason},
  date = {2018-03-17},
  doi = {10.5281/zenodo.1206264},
  version = {0.6}
}
% == BibLateX quality report for bengfort_yellowbrick_2018:
% Unexpected field 'title'
% Unexpected field 'author'
% Unexpected field 'doi'
% Unexpected field 'version'

@article{bengfort_yellowbrick_2019,
  title = {Yellowbrick: {{Visualizing}} the {{Scikit}}-{{Learn Model Selection Process}}},
  author = {Bengfort, Benjamin and Bilbro, Rebecca},
  date = {2019-03-24},
  journaltitle = {The Journal of Open Source Software},
  volume = {4},
  pages = {1--5},
  doi = {10.21105/joss.01075},
  langid = {english},
  number = {35},
  series = {1075}
}
% == BibLateX quality report for bengfort_yellowbrick_2019:
% ? Title looks like it was stored in title-case in Zotero

@unpublished{bilbro_yellowbrick_2017,
  title = {Yellowbrick: {{Steering Scikit}}-{{Learn}} with {{Visual Transformers}}},
  author = {Bilbro, Rebecca and Bengfort, Benjamin},
  date = {2017-05-21},
  url = {https://us.pycon.org/2017/schedule/presentation/308/},
  eventtitle = {{{PyCon}} 2017 {{Poster Session}}},
  type = {Poster},
  venue = {{Portland, Oregon}}
}
% == BibLateX quality report for bilbro_yellowbrick_2017:
% ? Title looks like it was stored in title-case in Zotero

@inproceedings{eyorokon_goal_2016,
  title = {Goal {{Trajectories}} for {{Knowledge Investigation}}},
  booktitle = {Twenty-{{Forth International Conference}} on {{Case}}-{{Based Reasoning Workshop Proceedings}}: {{Synergies}} between {{CBR}} and {{Knowledge Discovery}}},
  author = {Eyorokon, Vahid and Bengfort, Benjamin and Uday, Panjala and Cox, Michael},
  date = {2016-10-31},
  pages = {202--211},
  publisher = {{Springer}},
  location = {{Atlanta, GA}},
  eventtitle = {Synergies between {{CBR}} and {{Knowledge Discovery}}}
}
% == BibLateX quality report for eyorokon_goal_2016:
% ? Title looks like it was stored in title-case in Zotero

@inproceedings{federated_consistency_poster,
  title = {Federating {{Consistency}} for {{Partition}}-{{Prone Networks}}},
  booktitle = {Proceedings of the 2017 {{IEEE}} 37th {{International Conference}} on {{Distributed Computing Systems}} ({{ICDCS}})},
  author = {Bengfort, Benjamin and Keleher, Pete},
  date = {2017-06-05/2017-06-08},
  publisher = {{IEEE}},
  location = {{Atlanta, GA}},
  url = {https://icdcs2017.gatech.edu/},
  eventtitle = {{{IEEE International Conference}} on {{Distributed Computing Systems}} 2017 ({{ICDCS}} '17)}
}
% == BibLateX quality report for federated_consistency_poster:
% ? Title looks like it was stored in title-case in Zotero

@video{global_data_geeks_interview_2016,
  title = {Interview - {{Ben Bengfort}} of {{District Data Labs}}},
  editor = {{Global Data Geeks}},
  date = {2016-07-28},
  location = {{Seattle, Washington}},
  url = {https://youtu.be/ZiY5tjgg7lU},
  urldate = {2017-01-04},
  editortype = {director},
  keywords = {2016,Ben Bengfort,Bengfort,Benjamin Bengfort,Big Data,data day,data science,District Data Labs,seattle,steve guzman},
  langid = {english}
}
% == BibLateX quality report for global_data_geeks_interview_2016:
% Unexpected field 'title'
% Unexpected field 'editor'
% Unexpected field 'location'
% Unexpected field 'editortype'
% ? Title looks like it was stored in title-case in Zotero

@inproceedings{hc_brief_announcement,
  title = {Brief {{Announcement}}: {{Hierarchical Consensus}}},
  booktitle = {Proceedings of the 2017 {{ACM Symposium}} on {{Principles}} of {{Distributed Computing}}},
  author = {Bengfort, Benjamin and Keleher, Pete},
  date = {2017-07-25/2017-07-27},
  pages = {355--357},
  publisher = {{ACM}},
  location = {{Washington, D.C.}},
  eventtitle = {{{PODC}} '17 {{ACM Symposium}} on {{Principles}} of {{Distributed Computing}}}
}
% == BibLateX quality report for hc_brief_announcement:
% ? Title looks like it was stored in title-case in Zotero

@inproceedings{murphy_national_2019,
  title = {A {{National Infrastructure}} for {{Artificial Intelligence}} on the {{Grid}}},
  author = {Murphy, Sean Patrick and Andersen, Michael and Bengfort, Benjamin and von Meier, Alexandra},
  date = {2019},
  publisher = {{CIGRE US National Committee}},
  location = {{Richmond, VA}},
  eventtitle = {2019 {{Grid}} of the {{Future Symposium}}},
  options = {useprefix=true}
}
% == BibLateX quality report for murphy_national_2019:
% Missing required field 'booktitle'
% ? Title looks like it was stored in title-case in Zotero

@book{ojeda_practical_2014,
  title = {Practical {{Data Science Cookbook}}},
  author = {Ojeda, Tony and Murphy, Sean Patrick and Bengfort, Benjamin and Dasgupta, Abhijit},
  date = {2014-09-25},
  publisher = {{Packt Publishing Ltd}},
  url = {https://www.packtpub.com/big-data-and-business-intelligence/practical-data-science-cookbook},
  urldate = {2015-05-11},
  isbn = {978-1-78398-024-6},
  langid = {english},
  pagetotal = {396}
}
% == BibLateX quality report for ojeda_practical_2014:
% ? Title looks like it was stored in title-case in Zotero

@video{pycon_2016_natural_2016,
  title = {Natural {{Language Processing}} with {{NLTK}} and {{Gensim}}},
  editor = {{PyCon 2016}},
  date = {2016-05-30},
  url = {https://youtu.be/itKNpCPHq3I},
  urldate = {2017-01-04},
  editortype = {director}
}
% == BibLateX quality report for pycon_2016_natural_2016:
% Unexpected field 'title'
% Unexpected field 'editor'
% Unexpected field 'editortype'
% ? Title looks like it was stored in title-case in Zotero

@video{pydata_dynamics_2016,
  title = {Dynamics in {{Graph Analysis}}: {{Adding Time}} as a {{Structure}} for {{Visual}} and {{Statisti}}},
  editor = {{PyData}},
  date = {2016-10-04},
  url = {https://www.youtube.com/watch?v=RgixxVpfXDY&t=98s},
  urldate = {2017-01-04},
  editortype = {director},
  series = {{{PyData Carolinas}} 2016}
}
% == BibLateX quality report for pydata_dynamics_2016:
% Unexpected field 'title'
% Unexpected field 'editor'
% Unexpected field 'editortype'
% Unexpected field 'series'
% ? Title looks like it was stored in title-case in Zotero

@video{pydata_dynamics_2016-1,
  title = {Dynamics in {{Graph Analysis Adding Time}} as a {{Structure}} for {{Visual}} and {{Statistical}}},
  editor = {{PyData}},
  date = {2016-10-24},
  location = {{Washington D.C.}},
  url = {https://youtu.be/QhMZ1PmlJn4},
  urldate = {2017-01-04},
  editortype = {director},
  series = {{{PyData DC}} 2016}
}
% == BibLateX quality report for pydata_dynamics_2016-1:
% Unexpected field 'title'
% Unexpected field 'editor'
% Unexpected field 'location'
% Unexpected field 'editortype'
% Unexpected field 'series'
% ? Title looks like it was stored in title-case in Zotero


