@article{bengfort2019yellowbrick,
  title   = {Yellowbrick: visualizing the Scikit-Learn model selection process},
  author  = {Bengfort, Benjamin and Bilbro, Rebecca},
  journal = {Journal of Open Source Software},
  volume  = {4},
  number  = {35},
  pages   = {1075},
  year    = {2019}
}

@inproceedings{bengfort_efficient_2011,
  title = {Efficient Resource Allocation in {{Hybrid Wireless Networks}}},
  url = {http://ieeexplore.ieee.org/xpls/abs_all.jsp?arnumber=5779238},
  booktitle = {Wireless {{Communications}} and {{Networking Conference}} ({{WCNC}}), 2011 {{IEEE}}},
  publisher = {{IEEE}},
  urldate = {2015-02-03},
  date = {2011},
  pages = {820--825},
  author = {Bengfort, Benjamin and Du, Xiaojiang}
}
% == BibLateX quality report for bengfort_efficient_2011:
% ? Unsure about the formatting of the booktitle

@inproceedings{hc_brief_announcement,
  location = {{Washington, D.C.}},
  title = {Brief {{Announcement}}: {{Hierarchical Consensus}}},
  eventtitle = {{{PODC}} '17 {{ACM Symposium}} on {{Principles}} of {{Distributed Computing}}},
  booktitle = {Proceedings of the 2017 {{ACM Symposium}} on {{Principles}} of {{Distributed Computing}}},
  publisher = {{ACM}},
  date = {2017-07-25/2017-07-27},
  pages = {355-357},
  author = {Bengfort, Benjamin and Keleher, Pete}
}
% == BibLateX quality report for hc_brief_announcement:
% ? Title looks like it was stored in title-case in Zotero


@inproceedings{federated_consistency_poster,
  location = {{Atlanta, GA}},
  title = {Federating {{Consistency}} for {{Partition}}-{{Prone Networks}}},
  url = {https://icdcs2017.gatech.edu/},
  eventtitle = {{{IEEE International Conference}} on {{Distributed Computing Systems}} 2017 ({{ICDCS}} '17)},
  booktitle = {Proceedings of the 2017 {{IEEE}} 37th {{International Conference}} on {{Distributed Computing Systems}} ({{ICDCS}})},
  publisher = {{IEEE}},
  date = {2017-06-05/2017-06-08},
  author = {Bengfort, Benjamin and Keleher, Pete}
}
% == BibLateX quality report for federated_consistency_poster:
% ? Title looks like it was stored in title-case in Zotero
}
% == BibLateX quality report for pycon_2016_natural_2016:
% Unexpected field 'title'
% Unexpected field 'director'
% ? Title looks like it was stored in title-case in Zotero

@book{bengfort_applied_2017,
  langid = {english},
  title = {Applied {{Text Analysis}} with {{Python}}: {{Enabling Language Aware Data Products}} with {{Machine Learning}}},
  isbn = {978-1-4919-6304-3},
  url = {http://shop.oreilly.com/product/0636920052555.do},
  pagetotal = {250},
  publisher = {{O'Reilly Media, Inc.}},
  urldate = {2017-01-04},
  date = {2017-08},
  author = {Bengfort, Benjamin and Bilbro, Rebecca and Ojeda, Tony}
}
% == BibLateX quality report for bengfort_applied_2017:
% ? Title looks like it was stored in title-case in Zotero

@book{bengfort_data_2016-1,
  langid = {english},
  title = {Data {{Analytics}} with {{Hadoop}}: {{An Introduction}} for {{Data Scientists}}},
  isbn = {978-1-4919-1370-3},
  url = {http://shop.oreilly.com/product/0636920035275.do},
  pagetotal = {268},
  publisher = {{O'Reilly Media, Inc.}},
  date = {2016-05},
  author = {Bengfort, Benjamin and Kim, Jenny}
}
% == BibLateX quality report for bengfort_data_2016-1:
% ? Title looks like it was stored in title-case in Zotero

@book{ojeda_practical_2014,
  langid = {english},
  title = {Practical {{Data Science Cookbook}}},
  isbn = {978-1-78398-024-6},
  url = {https://www.packtpub.com/big-data-and-business-intelligence/practical-data-science-cookbook},
  pagetotal = {396},
  publisher = {{Packt Publishing Ltd}},
  urldate = {2015-05-11},
  date = {2014-09-25},
  author = {Ojeda, Tony and Murphy, Sean Patrick and Bengfort, Benjamin and Dasgupta, Abhijit}
}
% == BibLateX quality report for ojeda_practical_2014:
% ? Title looks like it was stored in title-case in Zotero

@inproceedings{bengfort_evolutionary_2014,
  title = {Evolutionary Design of Self-Organizing Particle Systems for Collective Problem Solving},
  doi = {10.1109/SIS.2014.7011790},
  booktitle = {Swarm {{Intelligence}} ({{SIS}}), 2014 {{IEEE Symposium}} On},
  publisher = {{IEEE}},
  date = {2014-12},
  pages = {1--8},
  keywords = {Computational modeling,Evolutionary computation,Genetics,Problem-solving,Sociology,Statistics,Vectors},
  author = {Bengfort, Benjamin and Kim, Philip Y. and Harrison, Kevin and Reggia, James A.}
}
% == BibLateX quality report for bengfort_evolutionary_2014:
% ? Unsure about the formatting of the booktitle
}
% == BibLateX quality report for bengfort_yellowbrick_2018:
% Unexpected field 'title'
% Unexpected field 'version'
% Unexpected field 'author'
% Unexpected field 'doi'

@inproceedings{bengfort_anti-entropy_2018,
  location = {{Vienna, Austria}},
  title = {Anti-{{Entropy Bandits}} for {{Geo}}-{{Replicated Consistency}}},
  eventtitle = {{{ICDCS}} 2018},
  booktitle = {Proceedings of the 38th {{International Conference}} on {{Distributed Computing Systems}} ({{ICDCS}})},
  publisher = {{IEEE Computer Society Press}},
  date = {2018-07-05},
  author = {Bengfort, Benjamin and Xirogiannopoulos, Konstantinos and Keleher, Pete}
}
% == BibLateX quality report for bengfort_anti-entropy_2018:
% ? Title looks like it was stored in title-case in Zotero

@book{bengfort_hadoop_2015,
  title = {Hadoop {{Fundamentals}} for {{Data Scientists}}},
  url = {http://shop.oreilly.com/product/0636920035183.do},
  publisher = {{O'Reilly Media, Inc.}},
  date = {2015-01},
  author = {Bengfort, Benjamin and Kim, Jenny},
}
