@inproceedings{ongaro_search_2014,
  title = {In search of an understandable consensus algorithm},
  timestamp = {2016-05-02T18:51:57Z},
  urldate = {2016-05-01},
  booktitle = {2014 {{USENIX Annual Technical Conference}} ({{USENIX ATC}} 14)},
  author = {Ongaro, Diego and Ousterhout, John},
  year = {2014},
  pages = {305--319},
  file = {Snapshot:/Users/benjamin/Library/Application Support/Zotero/Profiles/i8zmk51x.default/zotero/storage/KSZZBIN9/ongaro.html:;raft.pdf:/Users/benjamin/Library/Application Support/Zotero/Profiles/i8zmk51x.default/zotero/storage/WFQ5VNT6/raft.pdf:application/pdf}
}

@article{howard_raft_2015,
  title = {Raft refloated: do we have consensus?},
  volume = {49},
  shorttitle = {Raft refloated},
  timestamp = {2016-05-02T18:51:38Z},
  number = {1},
  urldate = {2016-04-27},
  journal = {ACM SIGOPS Operating Systems Review},
  author = {Howard, Heidi and Schwarzkopf, Malte and Madhavapeddy, Anil and Crowcroft, Jon},
  year = {2015},
  pages = {12--21},
  file = {Snapshot:/Users/benjamin/Library/Application Support/Zotero/Profiles/i8zmk51x.default/zotero/storage/XVH7AZ2V/citation.html:}
}


@article{haeupler_simple_2015-1,
  title = {Simple, fast and deterministic gossip and rumor spreading},
  volume = {62},
  timestamp = {2016-06-21T13:54:03Z},
  number = {6},
  urldate = {2016-06-21},
  journal = {Journal of the ACM (JACM)},
  author = {Haeupler, Bernhard},
  year = {2015},
  pages = {47}
}

@misc{muller_simpy_2015,
  title = {{{SimPy}}},
  abstract = {SimPy is a process-based discrete-event simulation framework based on standard Python. Its event dispatcher is based on Python's generators and can also be used for asynchronous networking or to implement multi-agent systems (with both, simulated and real communication).},
  timestamp = {2016-05-02T19:05:39Z},
  author = {M{\"u}ller, Klaus G. and Vignaux, Tony and L{\"u}nsdorf, Ontje and Scherfke, Stefan and Turner, Karen},
  month = jun,
  year = {2015}
}

@misc{bengfort_cloudscope_2016,
  title = {{{CloudScope}}},
  timestamp = {2016-05-02T20:47:26Z},
  author = {Bengfort, Benjamin},
  month = feb,
  year = {2016}
}
