
@inproceedings{bermbach_eventual_2011,
  title = {Eventual Consistency: {{How}} Soon Is Eventual? {{An}} Evaluation of {{Amazon S3}}'s Consistency Behavior},
  url = {http://dl.acm.org/citation.cfm?id=2093186},
  booktitle = {Proceedings of the 6th {{Workshop}} on {{Middleware}} for {{Service Oriented Computing}}},
  publisher = {{ACM}},
  urldate = {2016-02-12},
  date = {2011},
  pages = {1},
  author = {Bermbach, David and Tai, Stefan}
}

@inproceedings{bailis_potential_2012,
  title = {The Potential Dangers of Causal Consistency and an Explicit Solution},
  url = {http://dl.acm.org/citation.cfm?id=2391251},
  booktitle = {Proceedings of the {{Third ACM Symposium}} on {{Cloud Computing}}},
  publisher = {{ACM}},
  urldate = {2016-02-12},
  date = {2012},
  pages = {22},
  author = {Bailis, Peter and Fekete, Alan and Ghodsi, Ali and Hellerstein, Joseph M. and Stoica, Ion}
}

@article{probabilistically_bounded_staleness,
  title = {Probabilistically Bounded Staleness for Practical Partial Quorums},
  volume = {5},
  url = {http://dl.acm.org/citation.cfm?id=2212359},
  number = {8},
  journaltitle = {Proceedings of the VLDB Endowment},
  urldate = {2016-01-04},
  date = {2012},
  pages = {776--787},
  author = {Bailis, Peter and Venkataraman, Shivaram and Franklin, Michael J. and Hellerstein, Joseph M. and Stoica, Ion}
}

@article{spanner,
  title = {Spanner: {{Google}}'s Globally Distributed Database},
  volume = {31},
  url = {http://dl.acm.org/citation.cfm?id=2491245},
  number = {3},
  journaltitle = {ACM Transactions on Computer Systems (TOCS)},
  urldate = {2014-11-06},
  date = {2013},
  pages = {8},
  author = {Corbett, James C. and Dean, Jeffrey and Epstein, Michael and Fikes, Andrew and Frost, Christopher and Furman, J. J. and Ghemawat, Sanjay and Gubarev, Andrey and Heiser, Christopher and Hochschild, Peter and {others}}
}

@inproceedings{lloyd_dont_2011,
  title = {Don't Settle for Eventual: Scalable Causal Consistency for Wide-Area Storage with {{COPS}}},
  url = {http://dl.acm.org/citation.cfm?id=2043593},
  booktitle = {Proceedings of the {{Twenty}}-{{Third ACM Symposium}} on {{Operating Systems Principles}}},
  publisher = {{ACM}},
  urldate = {2014-11-06},
  date = {2011},
  pages = {401--416},
  author = {Lloyd, Wyatt and Freedman, Michael J. and Kaminsky, Michael and Andersen, David G.}
}

@inproceedings{scatter,
  title = {Scalable Consistency in {{Scatter}}},
  url = {http://dl.acm.org/citation.cfm?id=2043559},
  booktitle = {Proceedings of the {{Twenty}}-{{Third ACM Symposium}} on {{Operating Systems Principles}}},
  publisher = {{ACM}},
  urldate = {2014-10-27},
  date = {2011},
  pages = {15--28},
  author = {Glendenning, Lisa and Beschastnikh, Ivan and Krishnamurthy, Arvind and Anderson, Thomas}
}

@inproceedings{anti_entropy,
  title = {Session Guarantees for Weakly Consistent Replicated Data},
  url = {http://ieeexplore.ieee.org/xpls/abs_all.jsp?arnumber=331722},
  booktitle = {Parallel and {{Distributed Information Systems}}, 1994., {{Proceedings}} of the {{Third International Conference}} On},
  publisher = {{IEEE}},
  urldate = {2014-10-01},
  date = {1994},
  pages = {140--149},
  author = {Terry, Douglas B. and Demers, Alan J. and Petersen, Karin and Spreitzer, Mike J. and Theimer, Marvin M. and Welch, Brent B.}
}
% == BibLateX quality report for anti_entropy:
% ? Unsure about the formatting of the booktitle

@inproceedings{kubiatowicz_oceanstore_2000,
  title = {Oceanstore: {{An}} Architecture for Global-Scale Persistent Storage},
  volume = {35},
  url = {http://dl.acm.org/citation.cfm?id=357007},
  booktitle = {{{ACM Sigplan Notices}}},
  urldate = {2014-09-23},
  date = {2000},
  pages = {190--201},
  author = {Kubiatowicz, John and Bindel, David and Chen, Yan and Czerwinski, Steven and Eaton, Patrick and Geels, Dennis and Gummadi, Ramakrishan and Rhea, Sean and Weatherspoon, Hakim and Weimer, Westley and {others}}
}
% == BibLateX quality report for kubiatowicz_oceanstore_2000:
% ? Unsure about the formatting of the booktitle

@inproceedings{hc_brief_announcement,
  location = {{Washington, D.C.}},
  title = {Brief {{Announcement}}: {{Hierarchical Consensus}}},
  eventtitle = {{{PODC}} '17 {{ACM Symposium}} on {{Principles}} of {{Distributed Computing}}},
  booktitle = {Proceedings of the 2017 {{ACM Symposium}} on {{Principles}} of {{Distributed Computing}}},
  publisher = {{ACM}},
  date = {2017-07-25/2017-07-27},
  pages = {355-357},
  author = {Bengfort, Benjamin and Keleher, Pete}
}
% == BibLateX quality report for hc_brief_announcement:
% ? Title looks like it was stored in title-case in Zotero

@inproceedings{federated_consistency_poster,
  location = {{Atlanta, GA}},
  title = {Federating {{Consistency}} for {{Partition}}-{{Prone Networks}}},
  url = {https://icdcs2017.gatech.edu/},
  eventtitle = {{{IEEE International Conference}} on {{Distributed Computing Systems}} 2017 ({{ICDCS}} '17)},
  booktitle = {Proceedings of the 2017 {{IEEE}} 37th {{International Conference}} on {{Distributed Computing Systems}} ({{ICDCS}})},
  publisher = {{IEEE}},
  date = {2017-06-05/2017-06-08},
  author = {Bengfort, Benjamin and Keleher, Pete}
}
% == BibLateX quality report for federated_consistency_poster:
% ? Title looks like it was stored in title-case in Zotero

@article{afs,
  title = {Scale and Performance in a Distributed File System},
  volume = {6},
  number = {1},
  journaltitle = {ACM Transactions on Computer Systems},
  date = {1988},
  pages = {51-81},
  author = {Howard, J. and Kazar, M. and Menees, S. and Nichols, D. and Satyanarayanan, M. and Sidebotham, R. and West, M.}
}

@inproceedings{coda,
  title = {Disconnected {{Operation}} in the {{Coda File System}}},
  booktitle = {Proceedings of the 13th {{ACM Symposium}} on {{Operating Systems Principles}}},
  date = {1991},
  author = {Kistler, J. J. and Satyanarayanan, M.}
}
% == BibLateX quality report for coda:
% ? Title looks like it was stored in title-case in Zotero

@article{terry_managing_1995,
  title = {Managing {{Update Conflicts}} in {{Bayou}}, a {{Weakly Connected Replicated Storage System}}},
  volume = {29},
  journaltitle = {ACM},
  date = {1995},
  author = {Terry, Douglas B. and Theimer, Marvin M. and Petersen, Karin and Demers, Alan J. and Spreitzer, Mike J. and Hauser, Carl H.}
}
% == BibLateX quality report for terry_managing_1995:
% ? Title looks like it was stored in title-case in Zotero

@article{grpc,
  title = {Google {{RPC}}},
  date = {2016-12},
  author = {{Google}},
  howpublished = {emhttp://www.grpc.io/}
}
% == BibLateX quality report for grpc:
% Unexpected field 'howpublished'
% Missing required field 'journaltitle'
% ? Title looks like it was stored in title-case in Zotero

@inproceedings{causal,
  title = {Implementing and Programming Causal Distributed Shared Memory},
  booktitle = {Proceedings of the 11th {{International Conference}} on {{Distributed Computing Systems}}},
  date = {1991-05},
  author = {Ahamad, M. and Hutto, P. W. and John, R.}
}

@inproceedings{bailis_bolt-causal_2013,
  title = {Bolt-on {{Causal Consistency}}},
  booktitle = {Proceedings of the 2013 {{International Conference}} on {{Management}} of {{Data}}},
  publisher = {{ACM}},
  date = {2013},
  pages = {761-772},
  author = {Bailis, Peter and Ghodsi, Ali and Hellerstein, Joseph M. and Stoica, Ion}
}
% == BibLateX quality report for bailis_bolt-causal_2013:
% ? Title looks like it was stored in title-case in Zotero

@article{sequential-consistency,
  title = {How to Make a Multiprocessor Computer That Correctly Executes Multiprocess Programs},
  volume = {100},
  number = {9},
  journaltitle = {Computers, IEEE Transactions on},
  date = {1979},
  pages = {690-691},
  author = {Lamport, Leslie}
}

@article{miorandi_internet_2012,
  title = {Internet of {{Things}}: {{Vision}}, {{Applications}} and {{Research Challenges}}},
  volume = {10},
  number = {7},
  journaltitle = {Ad Hoc Networks},
  date = {2012},
  pages = {1497-1516},
  author = {Miorandi, Daniele and Sicari, Sabrina and De Pellegrini, Francesco and Chlamtac, Imrich}
}
% == BibLateX quality report for miorandi_internet_2012:
% ? Title looks like it was stored in title-case in Zotero

@inproceedings{zhang_viewbox:_2014,
  title = {{{ViewBox}}: {{Integrating Local File Systems}} with {{Cloud Storage Services}}.},
  booktitle = {{{FAST}}},
  date = {2014},
  pages = {119-132},
  author = {Zhang, Yupu and Dragga, Chris and Arpaci-Dusseau, Andrea C. and Arpaci-Dusseau, Remzi H.}
}
% == BibLateX quality report for zhang_viewbox:_2014:
% ? Unsure about the formatting of the booktitle
% ? Title looks like it was stored in title-case in Zotero

@inproceedings{sporc,
  title = {{{SPORC}}: {{Group Collaboration}} Using {{Untrusted Cloud Resources}}},
  isbn = {978-1-931971-79-9},
  url = {http://www.usenix.org/event/osdi10/tech/full<sub>p</sub>apers/osdi10<sub>p</sub>roceedings.pdf},
  booktitle = {9th {{USENIX Symposium}} on {{Operating Systems Design}} and {{Implementation}}, {{OSDI}} 2010, {{October}} 4-6, 2010, {{Vancouver}}, {{BC}}, {{Canada}}, {{Proceedings}}},
  publisher = {{USENIX Association}},
  date = {2010},
  pages = {337-350},
  author = {Feldman, Ariel J. and Zeller, William P. and Freedman, Michael J. and Felten, Edward W.},
  editor = {Arpaci-Dusseau, Remzi H. and Chen, Brad},
  bibdate = {2011-08-27},
  bibsource = {DBLP, http://dblp.uni-trier.de/db/conf/osdi/osdi2010.htmlFeldmanZFF10}
}
% == BibLateX quality report for sporc:
% Unexpected field 'bibdate'
% Unexpected field 'bibsource'

@inproceedings{drago_inside_2012,
  title = {Inside {{Dropbox}}: {{Understanding Personal Cloud Storage Services}}},
  booktitle = {Proceedings of the 2012 {{ACM Conference}} on {{Internet Measurement Conference}}},
  publisher = {{ACM}},
  date = {2012},
  pages = {481-494},
  author = {Drago, Idilio and Mellia, Marco and M Munafo, Maurizio and Sperotto, Anna and Sadre, Ramin and Pras, Aiko}
}
% == BibLateX quality report for drago_inside_2012:
% ? Title looks like it was stored in title-case in Zotero

@article{paxos,
  title = {The Part-Time Parliament},
  volume = {16},
  number = {2},
  journaltitle = {ACM Transactions on Computer Systems (TOCS)},
  date = {1998},
  pages = {133-169},
  author = {Lamport, Leslie}
}

@inproceedings{zawirski2015write,
  title = {Write Fast, Read in the Past: {{Causal}} Consistency for Client-Side Applications},
  booktitle = {Proceedings of the 16th {{Annual Middleware Conference}}},
  publisher = {{ACM}},
  date = {2015},
  pages = {75-87},
  author = {Zawirski, Marek and Pregui\c{}ca, Nuno and Duarte, S\'ergio and Bieniusa, Annette and Balegas, Valter and Shapiro, Marc}
}

@article{bailis2013highly,
  title = {Highly Available Transactions: {{Virtues}} and Limitations},
  volume = {7},
  number = {3},
  journaltitle = {Proceedings of the VLDB Endowment},
  date = {2013},
  pages = {181-192},
  author = {Bailis, Peter and Davidson, Aaron and Fekete, Alan and Ghodsi, Ali and Hellerstein, Joseph M and Stoica, Ion}
}

@inproceedings{pbft,
  location = {{New Orleans, Louisiana, United States}},
  title = {Practical {{Byzantine}} Fault Tolerance},
  booktitle = {Proceedings of the Third Symposium on {{Operating}} Systems Design and Implementation},
  series = {OSDI '99},
  date = {1999},
  author = {Castro, Miguel and Liskov, Barbara}
}
% == BibLateX quality report for pbft:
% ? Unsure about the formatting of the booktitle

@inproceedings{alvaro2013consistency,
  title = {Consistency without Borders},
  booktitle = {Proceedings of the 4th Annual {{Symposium}} on {{Cloud Computing}}},
  publisher = {{ACM}},
  date = {2013},
  pages = {23},
  author = {Alvaro, Peter and Bailis, Peter and Conway, Neil and Hellerstein, Joseph M}
}

@inproceedings{spanner,
  title = {Spanner: {{Google}}'s Globally-Distributed Database},
  volume = {1},
  booktitle = {Proceedings of {{OSDI}}},
  date = {2012},
  author = {Corbett, James C and Dean, Jeffrey and Epstein, Michael and Fikes, Andrew and Frost, Christopher and Furman, JJ and Ghemawat, Sanjay and Gubarev, Andrey and Heiser, Christopher and Hochschild, Peter and {others}}
}

@article{bailis2014coordination,
  title = {Coordination Avoidance in Database Systems},
  volume = {8},
  number = {3},
  journaltitle = {Proceedings of the VLDB Endowment},
  date = {2014},
  pages = {185-196},
  author = {Bailis, Peter and Fekete, Alan and Franklin, Michael J and Ghodsi, Ali and Hellerstein, Joseph M and Stoica, Ion}
}

@inproceedings{mdcc,
  title = {{{MDCC}}: {{Multi}}-{{Data Center Consistency}}},
  booktitle = {Proceedings of the 8th {{ACM European Conference}} on {{Computer Systems}}},
  publisher = {{ACM}},
  date = {2013},
  pages = {113-126},
  author = {Kraska, Tim and Pang, Gene and Franklin, Michael J. and Madden, Samuel and Fekete, Alan}
}
% == BibLateX quality report for mdcc:
% ? Title looks like it was stored in title-case in Zotero

@article{mahajan2011consistency,
  title = {Consistency, Availability, and Convergence},
  volume = {11},
  journaltitle = {University of Texas at Austin Tech Report},
  date = {2011},
  author = {Mahajan, Prince and Alvisi, Lorenzo and Dahlin, Mike}
}

@inproceedings{katz-bassett_towards_2006,
  title = {Towards {{IP Geolocation Using Delay}} and {{Topology Measurements}}},
  booktitle = {Proceedings of the 6th {{ACM SIGCOMM Conference}} on {{Internet Measurement}}},
  publisher = {{ACM}},
  date = {2006},
  pages = {71-84},
  author = {Katz-Bassett, Ethan and John, John P. and Krishnamurthy, Arvind and Wetherall, David and Anderson, Thomas and Chawathe, Yatin}
}
% == BibLateX quality report for katz-bassett_towards_2006:
% ? Title looks like it was stored in title-case in Zotero

@inproceedings{raft,
  title = {In Search of an Understandable Consensus Algorithm},
  url = {https://www.usenix.org/conference/atc14/technical-sessions/presentation/ongaro},
  booktitle = {2014 {{USENIX Annual Technical Conference}} ({{USENIX ATC}} 14)},
  urldate = {2016-05-01},
  date = {2014},
  pages = {305--319},
  author = {Ongaro, Diego and Ousterhout, John}
}
% == BibLateX quality report for raft:
% ? Unsure about the formatting of the booktitle

@article{lamport_time_1978,
  title = {Time, Clocks, and the Ordering of Events in a Distributed System},
  volume = {21},
  url = {http://dl.acm.org/citation.cfm?id=359563},
  number = {7},
  journaltitle = {Communications of the ACM},
  urldate = {2014-09-23},
  date = {1978},
  pages = {558--565},
  author = {Lamport, Leslie}
}

@inproceedings{epoch_greedy_mab,
  title = {The {{Epoch}}-{{Greedy Algorithm}} for {{Multi}}-{{Armed Bandits}} with {{Side Information}}},
  booktitle = {Advances in {{Neural Information Processing Systems}}},
  date = {2008},
  pages = {817-824},
  author = {Langford, John and Zhang, Tong}
}
% == BibLateX quality report for epoch_greedy_mab:
% ? Unsure about the formatting of the booktitle
% ? Title looks like it was stored in title-case in Zotero

@inproceedings{calvinfs,
  title = {{{CalvinFS}}: Consistent Wan Replication and Scalable Metadata Management for Distributed File Systems},
  url = {https://www.usenix.org/node/188413},
  booktitle = {13th {{USENIX Conference}} on {{File}} and {{Storage Technologies}} ({{FAST}} 15)},
  urldate = {2016-11-22},
  date = {2015},
  pages = {1--14},
  author = {Thomson, Alexander and Abadi, Daniel J.}
}
% == BibLateX quality report for calvinfs:
% ? Unsure about the formatting of the booktitle

@article{lakshman_cassandra_2010,
  title = {Cassandra: A Decentralized Structured Storage System},
  volume = {44},
  url = {http://dl.acm.org/citation.cfm?id=1773922},
  number = {2},
  journaltitle = {ACM SIGOPS Operating Systems Review},
  urldate = {2016-04-29},
  date = {2010},
  pages = {35--40},
  author = {Lakshman, Avinash and Malik, Prashant}
}

@article{version_conflict_detection,
  title = {Detection of Mutual Inconsistency in Distributed Systems},
  url = {http://ieeexplore.ieee.org/xpls/abs_all.jsp?arnumber=1703051},
  number = {3},
  journaltitle = {IEEE transactions on Software Engineering},
  urldate = {2016-08-31},
  date = {1983},
  pages = {240--247},
  author = {Parker, D. Stott and Popek, Gerald J. and Rudisin, Gerard and Stoughton, Allen and Walker, Bruce J. and Walton, Evelyn and Chow, Johanna M. and Edwards, David and Kiser, Stephen and Kline, Charles}
}

@inproceedings{version_vectors,
  title = {Version Stamps-Decentralized Version Vectors},
  url = {http://ieeexplore.ieee.org/xpls/abs_all.jsp?arnumber=1022304},
  booktitle = {Distributed {{Computing Systems}}, 2002. {{Proceedings}}. 22nd {{International Conference}} On},
  publisher = {{IEEE}},
  urldate = {2016-08-31},
  date = {2002},
  pages = {544--551},
  author = {Almeida, Paulo S\'ergio and Baquero, Carlos and Fonte, Victor}
}
% == BibLateX quality report for version_vectors:
% ? Unsure about the formatting of the booktitle

@article{fexible_paxos,
  title = {Flexible {{Paxos}}: {{Quorum}} Intersection Revisited},
  journaltitle = {ArXiv e-prints},
  date = {2016-08},
  keywords = {and Cluster Computing,C.2.4,Computer Science - Distributed,Parallel},
  author = {Howard, H. and Malkhi, D. and Spiegelman, A.},
  archiveprefix = {arXiv},
  primaryclass = {cs.DC},
  adsurl = {http://adsabs.harvard.edu/abs/2016arXiv160806696H},
  adsnote = {Provided by the SAO/NASA Astrophysics Data System}
}
% == BibLateX quality report for fexible_paxos:
% Unexpected field 'archiveprefix'
% Unexpected field 'primaryclass'
% Unexpected field 'adsurl'
% Unexpected field 'adsnote'

@article{rumor_spreading_dynamics,
  title = {Dynamics of Rumor Spreading in Complex Networks},
  volume = {69},
  url = {http://journals.aps.org/pre/abstract/10.1103/PhysRevE.69.066130},
  number = {6},
  journaltitle = {Physical Review E},
  urldate = {2016-08-19},
  date = {2004},
  pages = {066130},
  author = {Moreno, Yamir and Nekovee, Maziar and Pacheco, Amalio F.}
}

@inproceedings{kempe_gossip-based_2003,
  title = {Gossip-Based Computation of Aggregate Information},
  url = {http://ieeexplore.ieee.org/xpls/abs_all.jsp?arnumber=1238221},
  booktitle = {Foundations of {{Computer Science}}, 2003. {{Proceedings}}. 44th {{Annual IEEE Symposium}} On},
  publisher = {{IEEE}},
  urldate = {2016-08-19},
  date = {2003},
  pages = {482--491},
  author = {Kempe, David and Dobra, Alin and Gehrke, Johannes}
}
% == BibLateX quality report for kempe_gossip-based_2003:
% ? Unsure about the formatting of the booktitle

@inproceedings{rumor_spreading,
  title = {Randomized Rumor Spreading},
  url = {http://ieeexplore.ieee.org/xpls/abs_all.jsp?arnumber=892324},
  booktitle = {Foundations of {{Computer Science}}, 2000. {{Proceedings}}. 41st {{Annual Symposium}} On},
  publisher = {{IEEE}},
  urldate = {2016-08-19},
  date = {2000},
  pages = {565--574},
  author = {Karp, Richard and Schindelhauer, Christian and Shenker, Scott and Vocking, Berthold}
}
% == BibLateX quality report for rumor_spreading:
% ? Unsure about the formatting of the booktitle

@online{sougoumarane_tech_2016,
  title = {Tech Musings: {{A More Flexible Paxos}}},
  url = {http://ssougou.blogspot.com/2016/08/a-more-flexible-paxos.html},
  journaltitle = {Tech musings},
  urldate = {2016-08-16},
  date = {2016-08-11},
  author = {Sougoumarane, Sugu}
}
% == BibLateX quality report for sougoumarane_tech_2016:
% Unexpected field 'journaltitle'

@article{ladin_providing_1992,
  title = {Providing High Availability Using Lazy Replication},
  volume = {10},
  url = {http://dl.acm.org/citation.cfm?id=138877},
  number = {4},
  journaltitle = {ACM Transactions on Computer Systems (TOCS)},
  urldate = {2016-08-11},
  date = {1992},
  pages = {360--391},
  author = {Ladin, Rivka and Liskov, Barbara and Shrira, Liuba and Ghemawat, Sanjay}
}

@inproceedings{li_making_2012,
  title = {Making Geo-Replicated Systems Fast as Possible, Consistent When Necessary},
  url = {https://www.usenix.org/conference/osdi12/technical-sessions/presentation/li},
  booktitle = {Presented as Part of the 10th {{USENIX Symposium}} on {{Operating Systems Design}} and {{Implementation}} ({{OSDI}} 12)},
  urldate = {2016-08-09},
  date = {2012},
  pages = {265--278},
  author = {Li, Cheng and Porto, Daniel and Clement, Allen and Gehrke, Johannes and Pregui{\c c}a, Nuno and Rodrigues, Rodrigo}
}
% == BibLateX quality report for li_making_2012:
% ? Unsure about the formatting of the booktitle

@article{kraska_consistency_2009,
  title = {Consistency Rationing in the Cloud: Pay Only When It Matters},
  volume = {2},
  url = {http://dl.acm.org/citation.cfm?id=1687657},
  number = {1},
  journaltitle = {Proceedings of the VLDB Endowment},
  urldate = {2016-08-09},
  date = {2009},
  pages = {253--264},
  author = {Kraska, Tim and Hentschel, Martin and Alonso, Gustavo and Kossmann, Donald}
}

@article{ramakrishnan_cap_2012,
  title = {Cap and Cloud Data Management},
  volume = {45},
  url = {http://citeseerx.ist.psu.edu/viewdoc/download?doi=10.1.1.467.2703&rep=rep1&type=pdf},
  number = {2},
  journaltitle = {Computer},
  urldate = {2016-08-09},
  date = {2012},
  pages = {43--49},
  author = {Ramakrishnan, Raghu}
}

@inproceedings{chihoub_harmony:_2012,
  title = {Harmony: {{Towards}} Automated Self-Adaptive Consistency in Cloud Storage},
  url = {http://ieeexplore.ieee.org/xpls/abs_all.jsp?arnumber=6337791},
  booktitle = {2012 {{IEEE International Conference}} on {{Cluster Computing}}},
  publisher = {{IEEE}},
  urldate = {2016-08-09},
  date = {2012},
  pages = {293--301},
  author = {Chihoub, Houssem-Eddine and Ibrahim, Shadi and Antoniu, Gabriel and Perez, Maria S.}
}
% == BibLateX quality report for chihoub_harmony:_2012:
% ? Unsure about the formatting of the booktitle

@inproceedings{chihoub_consistency_2013,
  title = {Consistency in the Cloud: {{When}} Money Does Matter!},
  url = {http://ieeexplore.ieee.org/xpls/abs_all.jsp?arnumber=6546112},
  booktitle = {Cluster, {{Cloud}} and {{Grid Computing}} ({{CCGrid}}), 2013 13th {{IEEE}}/{{ACM International Symposium}} On},
  publisher = {{IEEE}},
  urldate = {2016-08-09},
  date = {2013},
  pages = {352--359},
  author = {Chihoub, Houssem-Eddine and Ibrahim, Shadi and Antoniu, Gabriel and Perez, Maria S.}
}
% == BibLateX quality report for chihoub_consistency_2013:
% ? Unsure about the formatting of the booktitle

@inproceedings{krishnamurthy_adaptive_2002,
  title = {An Adaptive Framework for Tunable Consistency and Timeliness Using Replication},
  url = {http://ieeexplore.ieee.org/xpls/abs_all.jsp?arnumber=1028882},
  booktitle = {Dependable {{Systems}} and {{Networks}}, 2002. {{DSN}} 2002. {{Proceedings}}. {{International Conference}} On},
  publisher = {{IEEE}},
  urldate = {2016-08-09},
  date = {2002},
  pages = {17--26},
  author = {Krishnamurthy, Sudha and Sanders, William H. and Cukier, Michel}
}
% == BibLateX quality report for krishnamurthy_adaptive_2002:
% ? Unsure about the formatting of the booktitle

@article{torres-rojas_convergence_2005,
  title = {Convergence through a Weak Consistency Model: {{Timed}} Causal Consistency},
  volume = {8},
  url = {http://www.clei.org/cleiej/papers/v8i2p2.pdf},
  number = {2},
  journaltitle = {CLEI electronic journal},
  urldate = {2016-08-09},
  date = {2005},
  author = {Torres-Rojas, Francisco J. and Meneses, Esteban}
}

@article{yu_design_2002,
  title = {Design and Evaluation of a Conit-Based Continuous Consistency Model for Replicated Services},
  volume = {20},
  url = {http://dl.acm.org/citation.cfm?id=566342},
  number = {3},
  journaltitle = {ACM Transactions on Computer Systems (TOCS)},
  urldate = {2016-08-09},
  date = {2002},
  pages = {239--282},
  author = {Yu, Haifeng and Vahdat, Amin}
}

@incollection{bermbach_consistency_2013,
  title = {Consistency in Distributed Storage Systems},
  url = {http://link.springer.com/chapter/10.1007/978-3-642-40148-0_13},
  booktitle = {Networked {{Systems}}},
  publisher = {{Springer}},
  urldate = {2016-08-09},
  date = {2013},
  pages = {175--189},
  author = {Bermbach, David and Kuhlenkamp, J\"orn}
}
% == BibLateX quality report for bermbach_consistency_2013:
% Missing required field 'editor'

@inproceedings{afek_quasi-linearizability_2010,
  title = {Quasi-Linearizability: {{Relaxed}} Consistency for Improved Concurrency},
  url = {http://link.springer.com/10.1007%2F978-3-642-17653-1_29},
  booktitle = {International {{Conference}} on {{Principles}} of {{Distributed Systems}}},
  publisher = {{Springer}},
  urldate = {2016-08-09},
  date = {2010},
  pages = {395--410},
  author = {Afek, Yehuda and Korland, Guy and Yanovsky, Eitan}
}
% == BibLateX quality report for afek_quasi-linearizability_2010:
% ? Unsure about the formatting of the booktitle

@inproceedings{golab_analyzing_2011,
  title = {Analyzing Consistency Properties for Fun and Profit},
  url = {http://dl.acm.org/citation.cfm?id=1993834},
  booktitle = {Proceedings of the 30th Annual {{ACM SIGACT}}-{{SIGOPS}} Symposium on {{Principles}} of Distributed Computing},
  publisher = {{ACM}},
  urldate = {2016-08-09},
  date = {2011},
  pages = {197--206},
  author = {Golab, Wojciech and Li, Xiaozhou and Shah, Mehul A.}
}
% == BibLateX quality report for golab_analyzing_2011:
% ? Unsure about the formatting of the booktitle

@article{glynn_multi-consistency_2005,
  title = {Multi-Consistency in {{Peer}}-to-{{Peer}} Computing},
  url = {http://www.info.ucl.ac.be/~pvr/rr2005-04.pdf},
  journaltitle = {European project (PEPITO IST-2001-33234)},
  urldate = {2016-08-09},
  date = {2005},
  author = {Glynn, Kevin and Van Roy, Peter}
}

@inproceedings{al-ekram_multi-consistency_2010,
  title = {Multi-Consistency Data Replication},
  url = {http://ieeexplore.ieee.org/xpls/abs_all.jsp?arnumber=5695649},
  booktitle = {Parallel and {{Distributed Systems}} ({{ICPADS}}), 2010 {{IEEE}} 16th {{International Conference}} On},
  publisher = {{IEEE}},
  urldate = {2016-08-09},
  date = {2010},
  pages = {568--577},
  author = {Al-Ekram, Raihan and Holt, Ric}
}
% == BibLateX quality report for al-ekram_multi-consistency_2010:
% ? Unsure about the formatting of the booktitle

@inproceedings{wiederhold_consistency_1990,
  title = {Consistency Control of Replicated Data in Federated Databases},
  url = {http://ieeexplore.ieee.org/xpls/abs_all.jsp?arnumber=138260},
  booktitle = {Management of {{Replicated Data}}, 1990. {{Proceedings}}., {{Workshop}} on The},
  publisher = {{IEEE}},
  urldate = {2016-08-09},
  date = {1990},
  pages = {130--132},
  author = {Wiederhold, Gio and Qian, Xiaolei}
}
% == BibLateX quality report for wiederhold_consistency_1990:
% ? Unsure about the formatting of the booktitle

@inproceedings{bermbach_metastorage_2011,
  title = {Metastorage: {{A}} Federated Cloud Storage System to Manage Consistency-Latency Tradeoffs},
  url = {http://ieeexplore.ieee.org/xpls/abs_all.jsp?arnumber=6008742},
  booktitle = {Cloud {{Computing}} ({{CLOUD}}), 2011 {{IEEE International Conference}} On},
  publisher = {{IEEE}},
  urldate = {2016-08-09},
  date = {2011},
  pages = {452--459},
  author = {Bermbach, David and Klems, Markus and Tai, Stefan and Menzel, Michael}
}
% == BibLateX quality report for bermbach_metastorage_2011:
% ? Unsure about the formatting of the booktitle

@article{pitoura_data_1999,
  title = {Data Consistency in Intermittently Connected Distributed Systems},
  volume = {11},
  url = {http://ieeexplore.ieee.org/xpls/abs_all.jsp?arnumber=824602},
  number = {6},
  journaltitle = {IEEE Transactions on knowledge and data engineering},
  urldate = {2016-08-09},
  date = {1999},
  pages = {896--915},
  author = {Pitoura, Evaggelia and Bhargava, Bharat}
}

@inproceedings{agrawal_mixed_1994,
  title = {Mixed Consistency: A Model for Parallel Programming},
  url = {http://dl.acm.org/citation.cfm?id=197967},
  booktitle = {Proceedings of the Thirteenth Annual {{ACM}} Symposium on {{Principles}} of Distributed Computing},
  publisher = {{ACM}},
  urldate = {2016-08-09},
  date = {1994},
  pages = {101--110},
  author = {Agrawal, Divyakant and Choy, Manhoi and Va Leong, Hong and Singh, Ambuj K.}
}
% == BibLateX quality report for agrawal_mixed_1994:
% ? Unsure about the formatting of the booktitle

@inproceedings{zhang_hierarchical_2007,
  title = {Hierarchical Replication Control in a Global File System},
  url = {http://ieeexplore.ieee.org/xpls/abs_all.jsp?arnumber=4215377},
  booktitle = {Seventh {{IEEE International Symposium}} on {{Cluster Computing}} and the {{Grid}} ({{CCGrid}}'07)},
  publisher = {{IEEE}},
  urldate = {2016-08-08},
  date = {2007},
  pages = {155--162},
  author = {Zhang, Jiaying and Honeyman, Peter}
}
% == BibLateX quality report for zhang_hierarchical_2007:
% ? Unsure about the formatting of the booktitle

@article{sprenkle_exploring_2004,
  title = {Exploring {{Availability}} and {{Usage Guarantees}} in {{Resource Allocation Through Leases}}},
  url = {http://www.cs.wlu.edu/~sprenkle/acad/papers/ses_masters.pdf},
  journaltitle = {Duke University Computer Science},
  urldate = {2016-08-08},
  date = {2004},
  author = {Sprenkle, Sara E. and {others}}
}
% == BibLateX quality report for sprenkle_exploring_2004:
% ? Title looks like it was stored in title-case in Zotero

@report{kolbeck_fault-tolerant_2010,
  title = {Fault-{{Tolerant}} and {{Decentralized Lease Coordination}} in {{Distributed Systems}}},
  url = {http://citeseerx.ist.psu.edu/viewdoc/download?doi=10.1.1.631.9448&rep=rep1&type=pdf},
  institution = {{Citeseer}},
  urldate = {2016-08-08},
  date = {2010},
  author = {Kolbeck, Bj\"orn and Hogqvist, MIKAEL and Stender, Jan and Hupfeld, Felix}
}
% == BibLateX quality report for kolbeck_fault-tolerant_2010:
% Missing required field 'type'
% ? Title looks like it was stored in title-case in Zotero

@article{hupfeld_fatlease_2009,
  title = {{{FaTLease}}: Scalable Fault-Tolerant Lease Negotiation with {{Paxos}}},
  volume = {12},
  url = {http://link.springer.com/article/10.1007/s10586-009-0074-2},
  number = {2},
  journaltitle = {Cluster Computing},
  urldate = {2016-08-08},
  date = {2009},
  pages = {175--188},
  author = {Hupfeld, Felix and Kolbeck, Bj\"orn and Stender, Jan and H\"ogqvist, Mikael and Cortes, Toni and Mart\'i, Jonathan and Malo, Jes\'us}
}

@article{gossip_protocols,
  title = {Simple, Fast and Deterministic Gossip and Rumor Spreading},
  volume = {62},
  url = {http://dl.acm.org/citation.cfm?id=2767126},
  number = {6},
  journaltitle = {Journal of the ACM (JACM)},
  urldate = {2016-04-29},
  date = {2015},
  pages = {47},
  author = {Haeupler, Bernhard}
}

@inproceedings{keleher1999decentralized,
  title = {Decentralized Replicated-Object Protocols},
  booktitle = {Proceedings of the Eighteenth Annual {{ACM}} Symposium on {{Principles}} of Distributed Computing},
  publisher = {{ACM}},
  date = {1999},
  pages = {143-151},
  author = {Keleher, Peter J}
}
% == BibLateX quality report for keleher1999decentralized:
% ? Unsure about the formatting of the booktitle

@article{deno-toc,
  title = {Deno: {{A Decentralized}}, {{Peer}}-to-{{Peer Object Replication System}} for {{Mobile}} and {{Weakly}}-{{Connected Environments}}},
  volume = {52},
  number = {7},
  journaltitle = {IEEE Transactions on Computers (TOC)},
  date = {2003-07},
  author = {Cetintemel, U. and Keleher, P. J. and Bhattacharjee, B. and Franklin, M. J.}
}
% == BibLateX quality report for deno-toc:
% ? Title looks like it was stored in title-case in Zotero

@incollection{li_hierarchical_2014,
  title = {Hierarchical Eventual Leader Election for Dynamic Systems},
  url = {http://link.springer.com/chapter/10.1007/978-3-319-11197-1_26},
  booktitle = {Algorithms and {{Architectures}} for {{Parallel Processing}}},
  publisher = {{Springer}},
  urldate = {2016-05-04},
  date = {2014},
  pages = {338--351},
  author = {Li, Huaguan and Wu, Weigang and Zhou, Yu}
}
% == BibLateX quality report for li_hierarchical_2014:
% Missing required field 'editor'

@article{paxos_practical,
  title = {Paxos Made Practical},
  url = {http://read.seas.harvard.edu/~kohler/class/08w-dsi/mazieres07paxos.pdf},
  journaltitle = {Unpublished manuscript},
  urldate = {2016-05-03},
  date = {2007},
  author = {Mazieres, David}
}

@report{generalized_paxos,
  title = {Generalized Consensus and {{Paxos}}},
  url = {http://zoo.cs.yale.edu/classes/cs426/2012/lab/bib/lamport05generalized.pdf},
  institution = {{Technical Report MSR-TR-2005-33, Microsoft Research}},
  urldate = {2016-05-03},
  date = {2005},
  author = {Lamport, Leslie}
}
% == BibLateX quality report for generalized_paxos:
% Missing required field 'type'

@inproceedings{multicoordinated_paxos,
  title = {Multicoordinated Paxos},
  url = {http://dl.acm.org/citation.cfm?id=1281150},
  booktitle = {Proceedings of the Twenty-Sixth Annual {{ACM}} Symposium on {{Principles}} of Distributed Computing},
  publisher = {{ACM}},
  urldate = {2016-05-03},
  date = {2007},
  pages = {316--317},
  author = {Camargos, L\'asaro Jonas and Schmidt, Rodrigo Malta and Pedone, Fernando}
}
% == BibLateX quality report for multicoordinated_paxos:
% ? Unsure about the formatting of the booktitle

@inproceedings{spaxos,
  title = {S-Paxos: {{Offloading}} the Leader for High Throughput State Machine Replication},
  url = {http://ieeexplore.ieee.org/xpls/abs_all.jsp?arnumber=6424845},
  booktitle = {Reliable {{Distributed Systems}} ({{SRDS}}), 2012 {{IEEE}} 31st {{Symposium}} On},
  publisher = {{IEEE}},
  urldate = {2016-05-03},
  date = {2012},
  pages = {111--120},
  author = {Biely, Martin and Milosevic, Zoran and Santos, Nuno and Schiper, Andre}
}
% == BibLateX quality report for spaxos:
% ? Unsure about the formatting of the booktitle

@inproceedings{boxwood,
  title = {Boxwood: {{Abstractions}} as the {{Foundation}} for {{Storage Infrastructure}}.},
  volume = {4},
  url = {https://www.usenix.org/legacy/events/osdi04/tech/full_papers/maccormick/maccormick_html/},
  booktitle = {{{OSDI}}},
  urldate = {2016-05-03},
  date = {2004},
  pages = {8--8},
  author = {MacCormick, John and Murphy, Nick and Najork, Marc and Thekkath, Chandramohan A. and Zhou, Lidong}
}
% == BibLateX quality report for boxwood:
% ? Unsure about the formatting of the booktitle
% ? Title looks like it was stored in title-case in Zotero

@article{paxos,
  title = {Paxos Made Simple},
  volume = {32},
  url = {http://www.cs.utexas.edu/users/lorenzo/corsi/cs380d/past/03F/notes/paxos-simple.pdf},
  number = {4},
  journaltitle = {ACM Sigact News},
  urldate = {2014-11-03},
  date = {2001},
  pages = {18--25},
  author = {Lamport, Leslie}
}

@inproceedings{paxos_live,
  title = {Paxos Made Live: An Engineering Perspective},
  url = {http://dl.acm.org/citation.cfm?id=1281103},
  booktitle = {Proceedings of the Twenty-Sixth Annual {{ACM}} Symposium on {{Principles}} of Distributed Computing},
  publisher = {{ACM}},
  urldate = {2014-11-03},
  date = {2007},
  pages = {398--407},
  author = {Chandra, Tushar D. and Griesemer, Robert and Redstone, Joshua}
}
% == BibLateX quality report for paxos_live:
% ? Unsure about the formatting of the booktitle

@inproceedings{zookeeper,
  title = {{{ZooKeeper}}: {{Wait}}-Free {{Coordination}} for {{Internet}}-Scale {{Systems}}.},
  volume = {8},
  url = {https://www.usenix.org/event/usenix10/tech/full_papers/Hunt.pdf},
  booktitle = {{{USENIX Annual Technical Conference}}},
  urldate = {2016-05-01},
  date = {2010},
  pages = {9},
  author = {Hunt, Patrick and Konar, Mahadev and Junqueira, Flavio Paiva and Reed, Benjamin}
}
% == BibLateX quality report for zookeeper:
% ? Unsure about the formatting of the booktitle

@software{etcd_raft,
  title = {Etcd: Package Raft},
  url = {https://godoc.org/github.com/coreos/etcd/raft},
  version = {v2.3.2},
  organization = {{CoreOS}},
  urldate = {2016-04-28},
  date = {2016-04-21},
  author = {Mizerany, Blake and Yicheng, Qin and Xiang, Li}
}
% == BibLateX quality report for etcd_raft:
% Unexpected field 'title'
% Unexpected field 'version'
% Unexpected field 'organization'
% Unexpected field 'author'

@article{liu_warranties_2014,
  title = {Warranties for Faster Strong Consistency},
  url = {https://www.usenix.org/system/files/conference/nsdi14/nsdi14-paper-liu_jed.pdf},
  journaltitle = {Proc. of the 11th USENIX NSDI},
  urldate = {2016-01-08},
  date = {2014},
  author = {Liu, Jed and Magrino, Tom and Arden, Owen and George, Michael D. and Myers, Andrew C.}
}
% == BibLateX quality report for liu_warranties_2014:
% ? Possibly abbreviated journal title Proc. of the 11th USENIX NSDI

@inproceedings{mencius,
  title = {Mencius: Building Efficient Replicated State Machines for {{WANs}}},
  volume = {8},
  url = {https://www.usenix.org/legacy/event/osdi08/tech/full_papers/mao/mao_html/},
  booktitle = {{{OSDI}}},
  urldate = {2016-05-01},
  date = {2008},
  pages = {369--384},
  author = {Mao, Yanhua and Junqueira, Flavio Paiva and Marzullo, Keith}
}
% == BibLateX quality report for mencius:
% ? Unsure about the formatting of the booktitle

@article{stellar,
  title = {The Stellar Consensus Protocol: {{A}} Federated Model for Internet-Level Consensus},
  url = {http://citeseerx.ist.psu.edu/viewdoc/download?doi=10.1.1.696.93&rep=rep1&type=pdf},
  journaltitle = {Draft, Stellar Development Foundation, 15th May, available at: https://www. stellar. org/papers/stellarconsensus-protocol. pdf (accessed 23rd May, 2015)},
  urldate = {2016-02-04},
  date = {2015},
  author = {Mazieres, David}
}
% == BibLateX quality report for stellar:
% ? Possibly abbreviated journal title Draft, Stellar Development Foundation, 15th May, available at: https://www. stellar. org/papers/stellarconsensus-protocol. pdf (accessed 23rd May, 2015)

@report{moraru_proof_2013,
  title = {A Proof of Correctness for {{Egalitarian Paxos}}},
  url = {http://www.pdl.cmu.edu/PDL-FTP/associated/CMU-PDL-13-111.pdf},
  institution = {{Technical report, Parallel Data Laboratory, Carnegie Mellon University}},
  urldate = {2016-04-27},
  date = {2013},
  author = {Moraru, Iulian and Andersen, David G. and Kaminsky, Michael}
}
% == BibLateX quality report for moraru_proof_2013:
% Missing required field 'type'

@inproceedings{epaxos,
  title = {There Is More Consensus in Egalitarian Parliaments},
  url = {http://dl.acm.org/citation.cfm?id=2517350},
  booktitle = {Proceedings of the {{Twenty}}-{{Fourth ACM Symposium}} on {{Operating Systems Principles}}},
  publisher = {{ACM}},
  urldate = {2016-04-27},
  date = {2013},
  pages = {358--372},
  author = {Moraru, Iulian and Andersen, David G. and Kaminsky, Michael}
}

@article{fast_paxos,
  title = {Fast Paxos},
  volume = {19},
  url = {http://link.springer.com/article/10.1007/s00446-006-0005-x},
  number = {2},
  journaltitle = {Distributed Computing},
  urldate = {2016-04-27},
  date = {2006},
  pages = {79--103},
  author = {Lamport, Leslie}
}

@inproceedings{moraru_egalitarian_2012,
  title = {Egalitarian Paxos},
  url = {https://www.usenix.org/system/files/nsdip13-paper14.pdf},
  booktitle = {{{ACM Symposium}} on {{Operating Systems Principles}}},
  urldate = {2016-04-27},
  date = {2012},
  author = {Moraru, Iulian and Andersen, David G. and Kaminsky, Michael}
}
% == BibLateX quality report for moraru_egalitarian_2012:
% ? Unsure about the formatting of the booktitle

@article{howard_raft_2015,
  title = {Raft Refloated: Do We Have Consensus?},
  volume = {49},
  url = {http://dl.acm.org/citation.cfm?id=2723876},
  number = {1},
  journaltitle = {ACM SIGOPS Operating Systems Review},
  urldate = {2016-04-27},
  date = {2015},
  pages = {12-21},
  author = {Howard, Heidi and Schwarzkopf, Malte and Madhavapeddy, Anil and Crowcroft, Jon}
}

@article{attiya_sequential_1994,
  title = {Sequential Consistency versus Linearizability},
  volume = {12},
  url = {http://dl.acm.org/citation.cfm?id=176576},
  number = {2},
  journaltitle = {ACM Transactions on Computer Systems (TOCS)},
  urldate = {2016-04-29},
  date = {1994},
  pages = {91--122},
  author = {Attiya, Hagit and Welch, Jennifer L.}
}

@article{herlihy_linearizability_1990,
  title = {Linearizability: {{A}} Correctness Condition for Concurrent Objects},
  volume = {12},
  url = {http://dl.acm.org/citation.cfm?id=78972},
  number = {3},
  journaltitle = {ACM Transactions on Programming Languages and Systems (TOPLAS)},
  urldate = {2016-04-27},
  date = {1990},
  pages = {463--492},
  author = {Herlihy, Maurice P. and Wing, Jeannette M.}
}

@inproceedings{demers_epidemic_1987,
  title = {Epidemic Algorithms for Replicated Database Maintenance},
  url = {http://dl.acm.org/citation.cfm?id=41841},
  booktitle = {Proceedings of the Sixth Annual {{ACM Symposium}} on {{Principles}} of Distributed Computing},
  publisher = {{ACM}},
  urldate = {2016-04-29},
  date = {1987},
  pages = {1--12},
  author = {Demers, Alan and Greene, Dan and Hauser, Carl and Irish, Wes and Larson, John and Shenker, Scott and Sturgis, Howard and Swinehart, Dan and Terry, Doug}
}

@article{eventual_consistency,
  title = {Eventually Consistent},
  volume = {52},
  url = {http://dl.acm.org/citation.cfm?id=1435432},
  number = {1},
  journaltitle = {Communications of the ACM},
  urldate = {2016-04-29},
  date = {2009},
  pages = {40--44},
  author = {Vogels, Werner}
}

@inproceedings{gfs,
  title = {The {{Google}} File System},
  volume = {37},
  url = {http://dl.acm.org/citation.cfm?id=945450},
  booktitle = {{{ACM SIGOPS Operating Systems Review}}},
  publisher = {{ACM}},
  date = {2003},
  pages = {29--43},
  keywords = {filesystem,Google},
  author = {Ghemawat, Sanjay and Gobioff, Howard and Leung, Shun-Tak}
}
% == BibLateX quality report for gfs:
% ? Unsure about the formatting of the booktitle

@article{quantifying_pbs,
  title = {Quantifying Eventual Consistency with {{PBS}}},
  volume = {23},
  url = {http://link.springer.com/article/10.1007/s00778-013-0330-1},
  number = {2},
  journaltitle = {The VLDB Journal},
  urldate = {2015-04-07},
  date = {2014},
  pages = {279--302},
  author = {Bailis, Peter and Venkataraman, Shivaram and Franklin, Michael J. and Hellerstein, Joseph M. and Stoica, Ion}
}

@inproceedings{gray_dangers_1996,
  title = {The Dangers of Replication and a Solution},
  volume = {25},
  url = {http://dl.acm.org/citation.cfm?id=233330},
  booktitle = {{{ACM SIGMOD Record}}},
  publisher = {{ACM}},
  urldate = {2015-04-07},
  date = {1996},
  pages = {173--182},
  author = {Gray, Jim and Helland, Pat and O'Neil, Patrick and Shasha, Dennis}
}
% == BibLateX quality report for gray_dangers_1996:
% ? Unsure about the formatting of the booktitle

@inproceedings{dynamo,
  title = {Dynamo: Amazon's Highly Available Key-Value Store},
  volume = {41},
  url = {http://dl.acm.org/citation.cfm?id=1294281},
  booktitle = {{{ACM SIGOPS Operating Systems Review}}},
  publisher = {{ACM}},
  urldate = {2014-10-15},
  date = {2007},
  pages = {205--220},
  author = {DeCandia, Giuseppe and Hastorun, Deniz and Jampani, Madan and Kakulapati, Gunavardhan and Lakshman, Avinash and Pilchin, Alex and Sivasubramanian, Swaminathan and Vosshall, Peter and Vogels, Werner}
}
% == BibLateX quality report for dynamo:
% ? Unsure about the formatting of the booktitle

@inproceedings{li_secure_2004,
  title = {Secure {{Untrusted Data Repository}} ({{SUNDR}}).},
  volume = {4},
  booktitle = {{{OSDI}}},
  date = {2004},
  pages = {9--9},
  author = {Li, Jinyuan and Krohn, Maxwell N. and Mazieres, David and Shasha, Dennis E.}
}
% == BibLateX quality report for li_secure_2004:
% ? Unsure about the formatting of the booktitle
% ? Title looks like it was stored in title-case in Zotero

@article{karp_efficient_1987,
  title = {Efficient Randomized Pattern-Matching Algorithms},
  volume = {31},
  number = {2},
  journaltitle = {IBM Journal of Research and Development},
  date = {1987},
  pages = {249--260},
  author = {Karp, Richard M. and Rabin, Michael O.}
}

@inproceedings{vangoor_fuse_2017,
  title = {To {{FUSE}} or {{Not}} to {{FUSE}}: {{Performance}} of {{User}}-{{Space File Systems}}.},
  booktitle = {{{FAST}}},
  date = {2017},
  pages = {59--72},
  author = {Vangoor, Bharath Kumar Reddy and Tarasov, Vasily and Zadok, Erez}
}
% == BibLateX quality report for vangoor_fuse_2017:
% ? Unsure about the formatting of the booktitle
% ? Title looks like it was stored in title-case in Zotero

@software{virtanen_bazil.org/fuse_2016,
  title = {Bazil.Org/Fuse},
  url = {https://github.com/bazil/fuse},
  version = {371fbbd},
  urldate = {2017-11-01},
  date = {2016-11-08},
  author = {Virtanen, Tommi}
}
% == BibLateX quality report for virtanen_bazil.org/fuse_2016:
% Unexpected field 'title'
% Unexpected field 'version'
% Unexpected field 'author'
% ? Title looks like it was stored in lower-case in Zotero

@inproceedings{merkle_digital_1987-1,
  title = {A Digital Signature Based on a Conventional Encryption Function},
  booktitle = {Conference on the {{Theory}} and {{Application}} of {{Cryptographic Techniques}}},
  publisher = {{Springer}},
  date = {1987},
  pages = {369--378},
  author = {Merkle, Ralph C}
}
% == BibLateX quality report for merkle_digital_1987-1:
% ? Unsure about the formatting of the booktitle

@article{tarasov_filebench_2016,
  title = {Filebench: {{A}} Flexible Framework for File System Benchmarking},
  volume = {41},
  journaltitle = {USENIX; login},
  date = {2016},
  author = {Tarasov, Vasily and Zadok, Erez and Shepler, Spencer}
}

@article{contextual_bandits,
  title = {Efficient {{Contextual Bandits}} in {{Non}}-Stationary {{Worlds}}},
  journaltitle = {arXiv preprint arXiv:1708.01799},
  date = {2017},
  author = {Luo, Haipeng and Agarwal, Alekh and Langford, John}
}
% == BibLateX quality report for contextual_bandits:
% ? Possibly abbreviated journal title arXiv preprint arXiv:1708.01799

@inproceedings{vertical_paxos,
  title = {Vertical Paxos and Primary-Backup Replication},
  booktitle = {Proceedings of the 28th {{ACM}} Symposium on {{Principles}} of Distributed Computing},
  publisher = {{ACM}},
  date = {2009},
  pages = {312--313},
  author = {Lamport, Leslie and Malkhi, Dahlia and Zhou, Lidong}
}
% == BibLateX quality report for vertical_paxos:
% ? Unsure about the formatting of the booktitle

@article{van_renesse_paxos_2015,
  title = {Paxos Made Moderately Complex},
  volume = {47},
  number = {3},
  journaltitle = {ACM Computing Surveys (CSUR)},
  date = {2015},
  pages = {42},
  author = {Van Renesse, Robbert and Altinbuken, Deniz}
}

@article{wpaxos,
  title = {{{WPaxos}}: {{Ruling}} the {{Archipelago}} with {{Fast Consensus}}},
  author = {Ailijiang, Ailidani and Charapko, Aleksey and Demirbas, Murat and Kosar, Tevfik}
}
% == BibLateX quality report for wpaxos:
% Exactly one of 'date' / 'year' must be present
% Missing required field 'journaltitle'
% ? Title looks like it was stored in title-case in Zotero

@article{niobe,
  title = {Niobe: {{A}} Practical Replication Protocol},
  volume = {3},
  number = {4},
  journaltitle = {ACM Transactions on Storage (TOS)},
  date = {2008},
  pages = {1},
  author = {MacCormick, John and Thekkath, Chandramohan A. and Jager, Marcus and Roomp, Kristof and Zhou, Lidong and Peterson, Ryan}
}

@inproceedings{wada_data_2011,
  title = {Data {{Consistency Properties}} and the {{Trade}}-Offs in {{Commercial Cloud Storage}}: The {{Consumers}}' {{Perspective}}.},
  volume = {11},
  booktitle = {{{CIDR}}},
  date = {2011},
  pages = {134--143},
  author = {Wada, Hiroshi and Fekete, Alan and Zhao, Liang and Lee, Kevin and Liu, Anna}
}
% == BibLateX quality report for wada_data_2011:
% ? Unsure about the formatting of the booktitle

@inproceedings{rethinking_eventual,
  title = {Rethinking Eventual Consistency},
  booktitle = {Proceedings of the 2013 {{ACM SIGMOD International Conference}} on {{Management}} of {{Data}}},
  publisher = {{ACM}},
  date = {2013},
  pages = {923--928},
  author = {Bernstein, Philip A. and Das, Sudipto}
}

@inproceedings{geo_cdn,
  title = {Track Globally, Deliver Locally: Improving Content Delivery Networks by Tracking Geographic Social Cascades},
  booktitle = {Proceedings of the 20th International Conference on {{World}} Wide Web},
  publisher = {{ACM}},
  date = {2011},
  pages = {457--466},
  author = {Scellato, Salvatore and Mascolo, Cecilia and Musolesi, Mirco and Crowcroft, Jon}
}
% == BibLateX quality report for geo_cdn:
% ? Unsure about the formatting of the booktitle

@article{edge_computing,
  title = {Edge-Centric Computing: {{Vision}} and Challenges},
  volume = {45},
  number = {5},
  journaltitle = {ACM SIGCOMM Computer Communication Review},
  date = {2015},
  pages = {37--42},
  author = {Garcia Lopez, Pedro and Montresor, Alberto and Epema, Dick and Datta, Anwitaman and Higashino, Teruo and Iamnitchi, Adriana and Barcellos, Marinho and Felber, Pascal and Riviere, Etienne}
}

@inproceedings{muthitacharoen_low-bandwidth_2001,
  title = {A {{Low}}-Bandwidth {{Network File System}}},
  booktitle = {Proceedings of the 18th {{ACM Symposium}} on {{Operating Systems Principles}} ({{SOSP}} '01)},
  date = {2001-10},
  pages = {174--187},
  author = {Muthitacharoen, Athicha and Chen, Benjie and Mazi\`eres, David}
}

@inproceedings{leitao_hyparview_2007,
  title = {{{HyParView}}: {{A}} Membership Protocol for Reliable Gossip-Based Broadcast},
  booktitle = {Dependable {{Systems}} and {{Networks}}, 2007. {{DSN}}'07. 37th {{Annual IEEE}}/{{IFIP International Conference}} On},
  publisher = {{IEEE}},
  date = {2007},
  pages = {419--429},
  author = {Leitao, Joao and Pereira, Jos\'e and Rodrigues, Luis}
}
% == BibLateX quality report for leitao_hyparview_2007:
% ? Unsure about the formatting of the booktitle

@inproceedings{tolgyesi_adaptive_2009,
  title = {Adaptive Peer Sampling with Newscast},
  booktitle = {European {{Conference}} on {{Parallel Processing}}},
  publisher = {{Springer}},
  date = {2009},
  pages = {523--534},
  author = {T\"olgyesi, Norbert and Jelasity, M\'ark}
}
% == BibLateX quality report for tolgyesi_adaptive_2009:
% ? Unsure about the formatting of the booktitle

@inproceedings{nawab_dpaxos_2018,
  title = {{{DPaxos}}: {{Managing Data Closer}} to {{Users}} for {{Low}}-{{Latency}} and {{Mobile Applications}}},
  booktitle = {Proceedings of the 2018 {{International Conference}} on {{Management}} of {{Data}}},
  publisher = {{ACM}},
  date = {2018},
  pages = {1221--1236},
  author = {Nawab, Faisal and Agrawal, Divyakant and El Abbadi, Amr}
}
% == BibLateX quality report for nawab_dpaxos_2018:
% ? Title looks like it was stored in title-case in Zotero

@inproceedings{silaghi_multi-dimensional_2004,
  title = {Multi-Dimensional Quorum Sets for Read-Few Write-Many Replica Control Protocols},
  booktitle = {Cluster {{Computing}} and the {{Grid}}, 2004. {{CCGrid}} 2004. {{IEEE International Symposium}} On},
  publisher = {{IEEE}},
  date = {2004},
  pages = {355--362},
  author = {Silaghi, Bujor and Keleher, Pete and Bhattacharjee, Bobby}
}
% == BibLateX quality report for silaghi_multi-dimensional_2004:
% ? Unsure about the formatting of the booktitle
