@article{lamport_paxos_2001,
  title = {Paxos Made Simple},
  volume = {32},
  number = {4},
  urldate = {2014-11-03},
  journal = {ACM Sigact News},
  author = {Lamport, Leslie},
  year = {2001},
  pages = {18--25}
}

@inproceedings{mao_mencius:_2008,
  title = {Mencius: Building Efficient Replicated State Machines for {{WANs}}},
  volume = {8},
  shorttitle = {Mencius},
  urldate = {2016-05-01},
  booktitle = {{{OSDI}}},
  author = {Mao, Yanhua and Junqueira, Flavio Paiva and Marzullo, Keith},
  year = {2008},
  pages = {369--384}
}

@inproceedings{kraska_mdcc:_2013,
  title = {{{MDCC}}: {{Multi}}-Data Center Consistency},
  shorttitle = {{{MDCC}}},
  urldate = {2016-05-01},
  booktitle = {Proceedings of the 8th {{ACM European Conference}} on {{Computer Systems}}},
  publisher = {{ACM}},
  author = {Kraska, Tim and Pang, Gene and Franklin, Michael J. and Madden, Samuel and Fekete, Alan},
  year = {2013},
  pages = {113--126}
}

@inproceedings{ongaro_search_2014,
  title = {In Search of an Understandable Consensus Algorithm},
  shorttitle = {Raft},
  urldate = {2016-05-01},
  booktitle = {2014 {{USENIX Annual Technical Conference}} ({{USENIX ATC}} 14)},
  author = {Ongaro, Diego and Ousterhout, John},
  year = {2014},
  pages = {305--319}
}

@inproceedings{moraru_there_2013,
  title = {There Is More Consensus in Egalitarian Parliaments},
  shorttitle = {ePaxos},
  urldate = {2016-04-27},
  booktitle = {Proceedings of the {{Twenty}}-{{Fourth ACM Symposium}} on {{Operating Systems Principles}}},
  publisher = {{ACM}},
  author = {Moraru, Iulian and Andersen, David G. and Kaminsky, Michael},
  year = {2013},
  pages = {358--372}
}

@inproceedings{biely_s-paxos:_2012,
  title = {S-Paxos: {{Offloading}} the Leader for High Throughput State Machine Replication},
  shorttitle = {S-Paxos},
  urldate = {2016-05-03},
  booktitle = {Reliable {{Distributed Systems}} ({{SRDS}}), 2012 {{IEEE}} 31st {{Symposium}} On},
  publisher = {{IEEE}},
  author = {Biely, Martin and Milosevic, Zoran and Santos, Nuno and Schiper, Andre},
  year = {2012},
  pages = {111--120}
}

@article{2016arXiv160806696H,
  title = {Flexible {{Paxos}}: {{Quorum}} Intersection Revisited},
  shorttitle = {Flexible {{Paxos}}},
  journal = {ArXiv e-prints},
  author = {Howard, H. and Malkhi, D. and Spiegelman, A.},
  month = aug,
  year = {2016},
  keywords = {and Cluster Computing,C.2.4,Computer Science - Distributed,Parallel},
  archiveprefix = {arXiv},
  primaryclass = {cs.DC},
  adsurl = {http://adsabs.harvard.edu/abs/2016arXiv160806696H},
  adsnote = {Provided by the SAO/NASA Astrophysics Data System}
}
