@article{ousterhout1998scripting,
  title={Scripting: Higher level programming for the 21st century},
  author={Ousterhout, John K},
  journal={Computer},
  volume={31},
  number={3},
  pages={23--30},
  year={1998},
  publisher={IEEE}
}

@inproceedings{rossum1998glue,
  title={Glue it all together with python},
  author={Rossum, G v},
  booktitle={Position Paper for OMG-DARPA-MCC Workshop on Compositional Software Architecture},
  year={1998},
  url={http://legacy.python.org/doc/essays/omg-darpa-mcc-position.html}
}
